% BibTeX database

%%%%%%%%%%%%
% Articles %
%%%%%%%%%%%%

@article{YangNewsam2010,
	author	=	"Y. Yang and S.D. Newsam",
	title	=	"{Bag-Of-Visual-Words and Spatial Extensions for Land-Use Classification}",
	journal =   "{ACM SIGSPATIAL International Conference on Advances in Geographic Information Systems}",
	year	=	2010
}

@article{JanowiczEA2020,
	author	=	"K. Janowicz and S. Gao and G. McKenzie and Y. Hu and B. Bhaduri",
	title	=	"{GeoAI: Spatially Explicit Artificial Intelligence Techniques for Geographic Knowledge Discovery and Beyond}",
	journal =   "{International Journal of Geographical Information Science}",
    volume =   34,
    number  =   4,
    pages   =   "625-636",
	year	=	2020
}

@article{Li2020,
	author	=	"W. Li",
	title	=	"{GeoAI: Where machine learning and big data converge in GIScience}",
	journal =   "{Journal of Spatial Information Science}",
    number  =   20,
    pages   =  "71-77",
	year	=	2020
}

@article{PhanEA2020,
	author	=	"T.N. Phan and V. Kuch and L.W. Lehner",
	title	=	"{Land Cover Classification using Google Earth Engine and Random Forest Classifier—The Role of Image Composition}",
	journal =   "{Remote Sensing}",
    volume =   12,
    number  =   2411,
	year	=	2020
}

@article{SvobodaEA2022,
	author	=	"J. Svoboda and P. Stych and J. Laštovicka and D. Paluba and N. Kobliuk",
	title	=	"{Random Forest Classiﬁcation of Land Use, Land-Use Change and Forestry (LULUCF) Using Sentinel-2 Data—A Case Study of Czechia}",
	journal =   "{Remote Sensing}",
    volume =   14,
    number  =   1189,
	year	=	2022
}

@article{MingEA2016,
	author	=	"D. Ming and T. Zhou and M. Wang and T. Tan",
	title	=	"{Land Cover Classification Using Random Forest With Genetic Algorithm-based Parameter Optimization}",
	journal =   "{Journal of Applied Remote Sensing}",
    volume =   10,
    number  =   3,
	year	=	2016
}

@article{AminiEA2022,
	author	=	"S. Amini and M. Saber and H. Rabiei-Dastjerdi and S. Homayouni",
	title	=	"{Urban Land Use and Land Cover Change Analysis Using Random Forest Classification of Landsat Time Series}",
	journal =   "{Remote Sensing}",
    volume =   14,
    number  =   2654,
	year	=	2022
}