@article{Abdollahi.Pradhan.ea2020,
  title = {Deep {{Learning Approaches Applied}} to {{Remote Sensing Datasets}} for {{Road Extraction}}: {{A State-Of-The-Art Review}}},
  author = {Abdollahi, Abolfazl and Pradhan, Biswajeet and Shukla, Nagesh and Chakraborty, Subrata and Alamri, Abdullah},
  date = {2020},
  journaltitle = {Remote Sensing},
  volume = {12},
  number = {9},
  pages = {1444},
  publisher = {Multidisciplinary Digital Publishing Institute},
  doi = {10.3390/rs12091444},
  issue = {9}
}

@inproceedings{Abdullah.Madain.ea2022,
  title = {{{ChatGPT}}: {{Fundamentals}}, {{Applications}} and {{Social Impacts}}},
  booktitle = {2022 {{Ninth International Conference}} on {{Social Networks Analysis}}, {{Management}} and {{Security}} ({{SNAMS}})},
  author = {Abdullah, Malak and Madain, Alia and Jararweh, Yaser},
  date = {2022-11},
  pages = {1--8},
  doi = {10.1109/SNAMS58071.2022.10062688},
  eventtitle = {2022 {{Ninth International Conference}} on {{Social Networks Analysis}}, {{Management}} and {{Security}} ({{SNAMS}})}
}

@article{Adamiak2024,
  title = {Sustainable {{Deep Learning}} - a Geographically Informed Neural Networks Approach},
  author = {Adamiak},
  date = {2024}
}

@article{Ahmadzai2020,
  title = {Analyses and Modeling of Urban Land Use and Road Network Interactions Using Spatial-Based Disaggregate Accessibility to Land Use},
  author = {Ahmadzai, Farhad},
  date = {2020-09-01},
  journaltitle = {Journal of Urban Management},
  volume = {9},
  number = {3},
  pages = {298--315},
  doi = {10.1016/j.jum.2020.06.003}
}

@article{Ahuja.Patil.ea2023,
  title = {Semantic Understanding of High Spatial Resolution Remote Sensing Images Using Directional Geospatial Relationships},
  author = {Ahuja, Stuti and Patil, Sonali and Bhangale, Ujwala},
  date = {2023-07-03},
  journaltitle = {Annals of GIS},
  volume = {29},
  number = {3},
  pages = {401--414},
  publisher = {Taylor \& Francis},
  doi = {10.1080/19475683.2023.2181394}
}

@report{Airbus2022,
  type = {Product Handbook},
  title = {Copernicus {{DEM}}},
  author = {{Airbus}},
  date = {2022},
  number = {GEO.2018-1988-2},
  institution = {{Airbus Defence and Space GmbH}},
  url = {https://spacedata.copernicus.eu/documents/20123/122407/GEO1988-CopernicusDEM-SPE-002_ProductHandbook_I5.0+%281%29.pdf},
  urldate = {2024-06-16},
  version = {5.0}
}

@article{Akoglu2018,
  title = {User's Guide to Correlation Coefficients},
  author = {Akoglu, Haldun},
  date = {2018-09-01},
  journaltitle = {Turkish Journal of Emergency Medicine},
  volume = {18},
  number = {3},
  pages = {91--93},
  doi = {10.1016/j.tjem.2018.08.001}
}

@article{Al-Taei.Alesheikh.ea2023,
  title = {Land {{Use}}/{{Land Cover Change Analysis Using Multi-Temporal Remote Sensing Data}}: {{A Case Study}} of {{Tigris}} and {{Euphrates Rivers Basin}}},
  author = {Al-Taei, Azher Ibrahim and Alesheikh, Ali Asghar and Darvishi Boloorani, Ali},
  date = {2023},
  journaltitle = {Land},
  volume = {12},
  number = {5},
  pages = {1101},
  publisher = {Multidisciplinary Digital Publishing Institute},
  doi = {10.3390/land12051101},
  issue = {5}
}

@online{Albert.Kaur.ea2017,
  title = {Using Convolutional Networks and Satellite Imagery to Identify Patterns in Urban Environments at a Large Scale},
  author = {Albert, Adrian and Kaur, Jasleen and Gonzalez, Marta},
  date = {2017-09-13},
  number = {arXiv:1704.02965},
  url = {http://arxiv.org/abs/1704.02965},
  urldate = {2024-04-16},
  version = {2}
}

@software{Albumentations2024,
  title = {Albumentations},
  author = {{Albumentations}},
  date = {2024},
  url = {https://albumentations.ai/docs/},
  urldate = {2024-06-22}
}

@article{Aleissaee.Kumar.ea2023,
  title = {Transformers in {{Remote Sensing}}: {{A Survey}}},
  author = {Aleissaee, Abdulaziz Amer and Kumar, Amandeep and Anwer, Rao Muhammad and Khan, Salman and Cholakkal, Hisham and Xia, Gui-Song and Khan, Fahad Shahbaz},
  date = {2023-01},
  journaltitle = {Remote Sensing},
  volume = {15},
  number = {7},
  pages = {1860},
  publisher = {Multidisciplinary Digital Publishing Institute},
  doi = {10.3390/rs15071860},
  issue = {7}
}

@book{Alexander.Kusleika2022,
  title = {Microsoft {{Excel}} 365 Bible},
  author = {Alexander, Michael and Kusleika, Dick},
  date = {2022},
  series = {Bible},
  publisher = {John Wiley \& Sons, Inc.},
  location = {Hoboken, New Jersey},
  isbn = {978-1-119-83522-6 978-1-119-83523-3 978-1-119-83510-3}
}

@article{Alghanim.Jilani.ea2021,
  title = {Leveraging {{Road Characteristics}} and {{Contributor Behaviour}} for {{Assessing Road Type Quality}} in {{OSM}}},
  author = {Alghanim, Amerah and Jilani, Musfira and Bertolotto, Michela and McArdle, Gavin},
  date = {2021},
  journaltitle = {ISPRS International Journal of Geo-Information},
  volume = {10},
  number = {7},
  pages = {436},
  publisher = {Multidisciplinary Digital Publishing Institute},
  doi = {10.3390/ijgi10070436},
  issue = {7}
}

@article{Alhassan.Henry.ea2020,
  title = {A Deep Learning Framework for Land-Use/Land-Cover Mapping and Analysis Using Multispectral Satellite Imagery},
  author = {Alhassan, Victor and Henry, Christopher and Ramanna, Sheela and Storie, Christopher},
  date = {2020-06-01},
  journaltitle = {Neural Computing and Applications},
  volume = {32},
  number = {12},
  pages = {8529--8544},
  doi = {10.1007/s00521-019-04349-9}
}

@article{Alhichri.Alswayed.ea2021,
  title = {Classification of {{Remote Sensing Images Using EfficientNet-B3 CNN Model With Attention}}},
  author = {Alhichri, Haikel and Alswayed, Asma S. and Bazi, Yakoub and Ammour, Nassim and Alajlan, Naif A.},
  date = {2021},
  journaltitle = {IEEE Access},
  volume = {9},
  pages = {14078--14094},
  doi = {10.1109/ACCESS.2021.3051085}
}

@online{Alirezaie.Langkvist.ea2019,
  title = {Semantic {{Referee}}: {{A Neural-Symbolic Framework}} for {{Enhancing Geospatial Semantic Segmentation}}},
  author = {Alirezaie, Marjan and Längkvist, Martin and Sioutis, Michael and Loutfi, Amy},
  date = {2019-04-30},
  number = {arXiv:1904.13196},
  doi = {10.48550/arXiv.1904.13196}
}

@article{Alzubaidi.Zhang.ea2021,
  title = {Review of Deep Learning: Concepts, {{CNN}} Architectures, Challenges, Applications, Future Directions},
  author = {Alzubaidi, Laith and Zhang, Jinglan and Humaidi, Amjad and Al-Dujaili, Ayad and Duan, Ye and Al-Shamma, Omran and Santamaría, J. and Fadhel, Mohammed and Al-Amidie, Muthana and Farhan, Laith},
  date = {2021},
  journaltitle = {Journal of Big Data},
  volume = {8},
  doi = {10.1186/s40537-021-00444-8}
}

@article{Anderson.Sarkar.ea2019,
  title = {Corporate {{Editors}} in the {{Evolving Landscape}} of {{OpenStreetMap}}},
  author = {Anderson, Jennings and Sarkar, Dipto and Palen, Leysia},
  date = {2019},
  journaltitle = {ISPRS International Journal of Geo-Information},
  volume = {8},
  number = {5},
  pages = {232},
  publisher = {Multidisciplinary Digital Publishing Institute},
  doi = {10.3390/ijgi8050232},
  issue = {5}
}

@inproceedings{Angra.Ahuja2017,
  title = {Machine Learning and Its Applications: {{A}} Review},
  booktitle = {2017 {{International Conference}} on {{Big Data Analytics}} and {{Computational Intelligence}} ({{ICBDAC}})},
  author = {Angra, Sheena and Ahuja, Sachin},
  date = {2017},
  pages = {57--60},
  doi = {10.1109/ICBDACI.2017.8070809},
  eventtitle = {2017 {{International Conference}} on {{Big Data Analytics}} and {{Computational Intelligence}} ({{ICBDAC}})}
}

@article{Araujo.Norris.ea2019,
  title = {Computing {{Receptive Fields}} of {{Convolutional Neural Networks}}},
  author = {Araujo, Andr\&eacute and Norris, Wade and Sim, Jack},
  date = {2019},
  journaltitle = {Distill},
  volume = {4},
  number = {11},
  pages = {e21},
  doi = {10.23915/distill.00021}
}

@article{Atwal.Anderson.ea2022,
  title = {Predicting Building Types Using {{OpenStreetMap}}},
  author = {Atwal, Kuldip Singh and Anderson, Taylor and Pfoser, Dieter and Züfle, Andreas},
  date = {2022},
  journaltitle = {Scientific Reports},
  volume = {12},
  number = {1},
  pages = {19976},
  publisher = {Nature Publishing Group},
  doi = {10.1038/s41598-022-24263-w}
}

@online{Audebert.Saux.ea2017,
  title = {Joint {{Learning}} from {{Earth Observation}} and {{OpenStreetMap Data}} to {{Get Faster Better Semantic Maps}}},
  author = {Audebert, Nicolas and Saux, Bertrand Le and Lefèvre, Sébastien},
  date = {2017-05-17},
  number = {arXiv:1705.06057},
  doi = {10.48550/arXiv.1705.06057}
}

@article{Auer.Eckle.ea2018,
  title = {Ohsome – eine Plattform zur Analyse raumzeitlicher Entwicklungen von OpenStreetMap-Daten für intrinsische Qualitätsbewertungen},
  author = {Auer, Michael and Eckle, Melanie and Fendrich, Sascha},
  date = {2018},
  journaltitle = {Journal für Angewandte Geoinformatik},
  volume = {4},
  publisher = {Wichmann Verlag},
  location = {DE},
  doi = {10.14627/537647020},
  isbn = {9783879076475}
}

@article{Awuh.Japhets.ea2019,
  title = {A {{Correlation Analysis}} of the {{Relationship}} between {{Land Use}} and {{Land Cover}}/{{Land Surface Temperature}} in {{Abuja Municipal}}, {{FCT}}, {{Nigeria}}},
  author = {Awuh, M. E. and Japhets, P. O. and Officha, M. C. and Okolie, A. O. and Enete, I. C.},
  date = {2019},
  journaltitle = {Journal of Geographic Information System},
  volume = {11},
  number = {01},
  pages = {44},
  publisher = {Scientific Research Publishing},
  doi = {10.4236/jgis.2019.111004},
  issue = {01}
}

@online{Ba.Kiros.ea2016,
  title = {Layer {{Normalization}}},
  author = {Ba, Jimmy Lei and Kiros, Jamie Ryan and Hinton, Geoffrey E.},
  date = {2016},
  number = {arXiv:1607.06450},
  url = {http://arxiv.org/abs/1607.06450},
  urldate = {2024-07-02}
}

@article{Badrinarayanan.Kendall.ea2017,
  title = {{{SegNet}}: {{A Deep Convolutional Encoder-Decoder Architecture}} for {{Image Segmentation}}},
  author = {Badrinarayanan, Vijay and Kendall, Alex and Cipolla, Roberto},
  date = {2017-12},
  journaltitle = {IEEE Transactions on Pattern Analysis and Machine Intelligence},
  volume = {39},
  number = {12},
  pages = {2481--2495},
  doi = {10.1109/TPAMI.2016.2644615},
  eventtitle = {{{IEEE Transactions}} on {{Pattern Analysis}} and {{Machine Intelligence}}}
}

@inproceedings{Bahdanau.Cho.ea2014,
  title = {Neural {{Machine Translation}} by {{Jointly Learning}} to {{Align}} and {{Translate}}},
  booktitle = {3rd {{International Conference}} for {{Learning Representations}} ({{ICLR}} 2015)},
  author = {Bahdanau, Dzmitry and Cho, Kyunghyun and Bengio, Yoshua},
  date = {2014},
  doi = {10.48550/arXiv.1409.0473},
  eventtitle = {3rd {{International Conference}} for {{Learning Representations}} ({{ICLR}} 2015)}
}

@book{Bang-Jensen.Gutin2018,
  title = {Classes of {{Directed Graphs}}},
  editor = {Bang-Jensen, Jørgen and Gutin, Gregory},
  date = {2018},
  series = {Springer {{Monographs}} in {{Mathematics}}},
  publisher = {Springer International Publishing},
  location = {Cham},
  doi = {10.1007/978-3-319-71840-8},
  isbn = {978-3-319-71839-2 978-3-319-71840-8}
}

@article{Barrington-Leigh.Millard-Ball2017,
  title = {The World’s User-Generated Road Map Is More than 80\% Complete},
  author = {Barrington-Leigh, Christopher and Millard-Ball, Adam},
  date = {2017},
  journaltitle = {PLOS ONE},
  volume = {12},
  number = {8},
  pages = {e0180698},
  publisher = {Public Library of Science},
  doi = {10.1371/journal.pone.0180698}
}

@article{Basheer.Wang.ea2022,
  title = {Comparison of {{Land Use Land Cover Classifiers Using Different Satellite Imagery}} and {{Machine Learning Techniques}}},
  author = {Basheer, Sana and Wang, Xiuquan and Farooque, Aitazaz A. and Nawaz, Rana Ali and Liu, Kai and Adekanmbi, Toyin and Liu, Suqi},
  date = {2022-01},
  journaltitle = {Remote Sensing},
  volume = {14},
  number = {19},
  pages = {4978},
  publisher = {Multidisciplinary Digital Publishing Institute},
  doi = {10.3390/rs14194978},
  issue = {19}
}

@book{Bernard2021,
  title = {Introduction to {{Machine Learning}}},
  author = {Bernard, Etienne},
  date = {2021},
  publisher = {Wolfram Media, Inc.},
  location = {Champaign},
  isbn = {978-1-57955-048-6}
}

@inproceedings{Bi.Zhu.ea2021,
  title = {Transformer in {{Computer Vision}}},
  booktitle = {2021 {{IEEE International Conference}} on {{Computer Science}}, {{Electronic Information Engineering}} and {{Intelligent Control Technology}} ({{CEI}})},
  author = {Bi, Jiarui and Zhu, Zengliang and Meng, Qinglong},
  date = {2021},
  pages = {178--188},
  doi = {10.1109/CEI52496.2021.9574462},
  eventtitle = {2021 {{IEEE International Conference}} on {{Computer Science}}, {{Electronic Information Engineering}} and {{Intelligent Control Technology}} ({{CEI}})}
}

@article{Bini2018,
  title = {Artificial {{Intelligence}}, {{Machine Learning}}, {{Deep Learning}}, and {{Cognitive Computing}}: {{What Do These Terms Mean}} and {{How Will They Impact Health Care}}?},
  author = {Bini, Stefano A.},
  date = {2018},
  journaltitle = {The Journal of Arthroplasty},
  volume = {33},
  number = {8},
  pages = {2358--2361},
  doi = {10.1016/j.arth.2018.02.067}
}

@book{Bishop2006,
  title = {Pattern {{Recognition}} and {{Machine Learning}}},
  author = {Bishop, Christopher M.},
  date = {2006},
  publisher = {Springer},
  location = {New York},
  isbn = {978-0-387-31073-2}
}

@inproceedings{Bjorck.Gomes.ea2018,
  title = {Understanding {{Batch Normalization}}},
  booktitle = {31st {{Conference}} on {{Neural Information Processing Systems}} ({{NeurIPS}} 2018)},
  author = {Bjorck, Nils and Gomes, Carla P and Selman, Bart and Weinberger, Kilian Q},
  date = {2018},
  volume = {31},
  publisher = {Curran Associates, Inc.},
  eventtitle = {31st {{Conference}} on {{Neural Information Processing Systems}} ({{NeurIPS}} 2018)}
}

@article{Boeing2017,
  title = {{{OSMnx}}: {{New}} Methods for Acquiring, Constructing, Analyzing, and Visualizing Complex Street Networks},
  author = {Boeing, Geoff},
  date = {2017-09-01},
  journaltitle = {Computers, Environment and Urban Systems},
  volume = {65},
  pages = {126--139},
  doi = {10.1016/j.compenvurbsys.2017.05.004}
}

@article{Boston.VanDijk.ea2022,
  title = {Comparing {{CNNs}} and {{Random Forests}} for {{Landsat Image Segmentation Trained}} on a {{Large Proxy Land Cover Dataset}}},
  author = {Boston, Tony and Van Dijk, Albert and Larraondo, Pablo Rozas and Thackway, Richard},
  date = {2022},
  journaltitle = {Remote Sensing},
  volume = {14},
  number = {14},
  pages = {3396},
  publisher = {Multidisciplinary Digital Publishing Institute},
  doi = {10.3390/rs14143396},
  issue = {14}
}

@article{Brauwers.Frasincar2023,
  title = {A {{General Survey}} on {{Attention Mechanisms}} in {{Deep Learning}}},
  author = {Brauwers, Gianni and Frasincar, Flavius},
  date = {2023},
  journaltitle = {IEEE Transactions on Knowledge and Data Engineering},
  volume = {35},
  number = {4},
  pages = {3279--3298},
  doi = {10.1109/TKDE.2021.3126456}
}

@online{Brownlee2018a,
  title = {Ensemble {{Learning Methods}} for {{Deep Learning Neural Networks}}},
  author = {Brownlee, Jason},
  date = {2018-12-18T18:00:48+00:00},
  url = {https://machinelearningmastery.com/ensemble-methods-for-deep-learning-neural-networks/},
  urldate = {2024-02-06},
  organization = {MachineLearningMastery.com}
}

@article{Buckland.Gey1994,
  title = {The Relationship between Recall and Precision},
  author = {Buckland, Michael and Gey, Fredric},
  date = {1994},
  journaltitle = {Journal of the American Society for Information Science},
  volume = {45},
  number = {1},
  pages = {12--19}
}

@article{Camargo.Bright.ea2020,
  title = {Estimating {{Traffic Disruption Patterns}} with {{Volunteered Geographic Information}}},
  author = {Camargo, Chico Q. and Bright, Jonathan and McNeill, Graham and Raman, Sridhar and Hale, Scott A.},
  date = {2020-01-27},
  journaltitle = {Scientific Reports},
  volume = {10},
  number = {1},
  pages = {1271},
  publisher = {Nature Publishing Group},
  doi = {10.1038/s41598-020-57882-2}
}

@article{Cao.Zhu.ea2018,
  title = {Integrating {{Aerial}} and {{Street View Images}} for {{Urban Land Use Classification}}},
  author = {Cao, Rui and Zhu, Jiasong and Tu, Wei and Li, Qingquan and Cao, Jinzhou and Liu, Bozhi and Zhang, Qian and Qiu, Guoping},
  date = {2018-10},
  journaltitle = {Remote Sensing},
  volume = {10},
  number = {10},
  pages = {1553},
  publisher = {Multidisciplinary Digital Publishing Institute},
  doi = {10.3390/rs10101553},
  issue = {10}
}

@incollection{Cao2022,
  title = {Deep {{Learning}} of {{Big Geospatial Data}}: {{Challenges}} and {{Opportunities}}},
  booktitle = {New {{Thinking}} in {{GIScience}}},
  author = {Cao, Guofeng},
  editor = {Li, Bin and Shi, Xun and Zhu, A-Xing and Wang, Cuizhen and Lin, Hui},
  date = {2022},
  pages = {159--169},
  publisher = {Springer Nature},
  location = {Singapore},
  doi = {10.1007/978-981-19-3816-0_18},
  isbn = {978-981-19381-6-0}
}

@article{Castelvecchi2016,
  title = {Can We Open the Black Box of {{AI}}?},
  author = {Castelvecchi, Davide},
  date = {2016},
  journaltitle = {Nature News},
  volume = {538},
  number = {7623},
  pages = {20},
  doi = {10.1038/538020a}
}

@online{Charfaoui2021,
  title = {Working with {{Geospatial Data}} in {{Machine Learning}}},
  author = {Charfaoui, Younes},
  date = {2021-09-23T16:05:11},
  url = {https://heartbeat.comet.ml/working-with-geospatial-data-in-machine-learning-ad4097c7228d},
  urldate = {2024-02-06},
  organization = {Medium}
}

@article{Chen.Deng.ea2022,
  title = {Road Extraction in Remote Sensing Data: {{A}} Survey},
  author = {Chen, Ziyi and Deng, Liai and Luo, Yuhua and Li, Dilong and Marcato Junior, José and Nunes Gonçalves, Wesley and Awal Md Nurunnabi, Abdul and Li, Jonathan and Wang, Cheng and Li, Deren},
  date = {2022},
  journaltitle = {International Journal of Applied Earth Observation and Geoinformation},
  volume = {112},
  pages = {102833},
  doi = {10.1016/j.jag.2022.102833}
}

@article{Chen.Liu.ea2023,
  title = {Shallow-{{Guided Transformer}} for {{Semantic Segmentation}} of {{Hyperspectral Remote Sensing Imagery}}},
  author = {Chen, Yuhan and Liu, Pengyuan and Zhao, Jiechen and Huang, Kaijian and Yan, Qingyun},
  date = {2023},
  journaltitle = {Remote Sensing},
  volume = {15},
  number = {13},
  pages = {3366},
  publisher = {Multidisciplinary Digital Publishing Institute},
  doi = {10.3390/rs15133366},
  issue = {13}
}

@inproceedings{Chen.Papandreou.ea2015,
  title = {Semantic {{Image Segmentation}} with {{Deep Convolutional Nets}} and {{Fully Connected CRFS}}},
  booktitle = {3rd {{International Conference}} for {{Learning Representations}} ({{ICLR}} 2015)},
  author = {Chen, Liang-Chieh and Papandreou, George and Kokkinos, Iasonas and Murphy, Kevin and Yuille, Alan L},
  date = {2015},
  doi = {10.48550/arXiv.1412.7062},
  eventtitle = {3rd {{International Conference}} for {{Learning Representations}} ({{ICLR}} 2015)}
}

@article{Chen.Xu.ea2021,
  title = {Mapping Essential Urban Land Use Categories ({{EULUC}}) Using Geospatial Big Data: {{Progress}}, Challenges, and Opportunities},
  author = {Chen, Bin and Xu, Bing and Gong, Peng},
  date = {2021-07-03},
  journaltitle = {Big Earth Data},
  volume = {5},
  number = {3},
  pages = {410--441},
  publisher = {Taylor \& Francis},
  doi = {10.1080/20964471.2021.1939243}
}

@inproceedings{Chen.Yang.ea2016,
  title = {Attention to {{Scale}}: {{Scale-aware Semantic Image Segmentation}}},
  booktitle = {{{IEEE Conference}} on {{Computer Vision}} and {{Pattern Recognition}} ({{CVPR}} 2016)},
  author = {Chen, Liang-Chieh and Yang, Yi and Wang, Jiang and Xu, Wei and Yuille, Alan L.},
  date = {2016},
  doi = {10.48550/arXiv.1511.03339},
  eventtitle = {{{IEEE Conference}} on {{Computer Vision}} and {{Pattern Recognition}} ({{CVPR}} 2016)}
}

@article{Chen.Zhou.ea2016,
  title = {Spatial-{{Temporal Variations}} of {{Water Quality}} and {{Its Relationship}} to {{Land Use}} and {{Land Cover}} in {{Beijing}}, {{China}}},
  author = {Chen, Xiang and Zhou, Weiqi and Pickett, Steward T. A. and Li, Weifeng and Han, Lijian},
  date = {2016},
  journaltitle = {International Journal of Environmental Research and Public Health},
  volume = {13},
  number = {5},
  pages = {449},
  publisher = {Multidisciplinary Digital Publishing Institute},
  doi = {10.3390/ijerph13050449},
  issue = {5}
}

@article{Chicco.Jurman2020,
  title = {The Advantages of the {{Matthews}} Correlation Coefficient ({{MCC}}) over {{F1}} Score and Accuracy in Binary Classification Evaluation},
  author = {Chicco, Davide and Jurman, Giuseppe},
  date = {2020},
  journaltitle = {BMC Genomics},
  volume = {21},
  number = {1},
  pages = {6},
  doi = {10.1186/s12864-019-6413-7}
}

@online{Chu.Potetz.ea2019,
  title = {Geo-{{Aware Networks}} for {{Fine-Grained Recognition}}},
  author = {Chu, Grace and Potetz, Brian and Wang, Weijun and Howard, Andrew and Song, Yang and Brucher, Fernando and Leung, Thomas and Adam, Hartwig},
  date = {2019-09-04},
  number = {arXiv:1906.01737},
  url = {http://arxiv.org/abs/1906.01737},
  urldate = {2024-01-16}
}

@inproceedings{Collins.Beck.ea2017,
  title = {Deep Learning for Multisensor Image Resolution Enhancement},
  booktitle = {Proceedings of the 1st {{Workshop}} on {{Artificial Intelligence}} and {{Deep Learning}} for {{Geographic Knowledge Discovery}}},
  author = {Collins, Charles B. and Beck, John M. and Bridges, Susan M. and Rushing, John A. and Graves, Sara J.},
  date = {2017-11-07},
  pages = {37--44},
  publisher = {ACM},
  location = {Los Angeles California},
  doi = {10.1145/3149808.3149815},
  eventtitle = {{{SIGSPATIAL}}'17: 25th {{ACM SIGSPATIAL International Conference}} on {{Advances}} in {{Geographic Information Systems}}},
  isbn = {978-1-4503-5498-1}
}

@article{Comber.Wulder2019,
  title = {Considering Spatiotemporal Processes in Big Data Analysis: {{Insights}} from Remote Sensing of Land Cover and Land Use},
  author = {Comber, Alexis and Wulder, Michael},
  date = {2019},
  journaltitle = {Transactions in GIS},
  volume = {23},
  number = {5},
  pages = {879--891},
  doi = {10.1111/tgis.12559}
}

@inproceedings{Cordonnier.Loukas.ea2020,
  title = {On the {{Relationship}} between {{Self-Attention}} and {{Convolutional Layers}}},
  booktitle = {International {{Conference}} on {{Learning Representations}}},
  author = {Cordonnier, Jean-Baptiste and Loukas, Andreas and Jaggi, Martin},
  date = {2020},
  publisher = {arXiv},
  doi = {10.48550/arXiv.1911.03584},
  eventtitle = {International {{Conference}} on {{Learning Representations}}}
}

@software{CortevaAgriscience2024,
  title = {{{GeoCube}}},
  author = {{Corteva Agriscience}},
  date = {2024},
  url = {https://corteva.github.io/geocube/stable/},
  urldate = {2024-06-22}
}

@article{Courtial.Touya.ea2022,
  title = {Representing {{Vector Geographic Information As}} a {{Tensor}} for {{Deep Learning Based Map Generalisation}}},
  author = {Courtial, Azelle and Touya, Guillaume and Zhang, Xiang},
  date = {2022-06-10},
  journaltitle = {AGILE: GIScience Series},
  volume = {3},
  pages = {1--8},
  doi = {10.5194/agile-giss-3-32-2022}
}

@online{CSS2023,
  title = {Carbon {{Footprint Factsheet}}},
  author = {{University of Michigan Center for Sustainable Systems}},
  date = {2023},
  url = {https://css.umich.edu/publications/factsheets/sustainability-indicators/carbon-footprint-factsheet},
  urldate = {2024-05-22}
}

@inproceedings{Csurka.Larlus2013,
  title = {What Is a Good Evaluation Measure for Semantic Segmentation?},
  booktitle = {{{IEEE Trans}}. {{Pattern Anal}}. {{Mach}}. {{Intell}}.},
  author = {Csurka, Gabriela and Larlus, Diane},
  date = {2013},
  volume = {26},
  doi = {10.5244/C.27.32},
  eventtitle = {{{IEEE Trans}}. {{Pattern Anal}}. {{Mach}}. {{Intell}}.}
}

@article{Cui.Gao.ea2023,
  title = {Knowledge-{{Augmented Deep Learning}} and {{Its Applications}}: {{A Survey}}},
  author = {Cui, Zijun and Gao, Tian and Talamadupula, Kartik and Ji, Qiang},
  date = {2023},
  journaltitle = {IEEE Transactions on Neural Networks and Learning Systems},
  pages = {1--21},
  doi = {10.1109/TNNLS.2023.3338619},
  eventtitle = {{{IEEE Transactions}} on {{Neural Networks}} and {{Learning Systems}}}
}

@article{Cutchan.Giannopoulos2022,
  title = {Encoding {{Geospatial Vector Data}} for {{Deep Learning}}: {{LULC}} as a {{Use Case}}},
  author = {Cutchan, Marvin and Giannopoulos, Ioannis},
  date = {2022-06-11},
  journaltitle = {Remote Sensing},
  volume = {14},
  pages = {2812},
  doi = {10.3390/rs14122812}
}

@online{Delimaras2023,
  type = {Forum post},
  title = {Tensorflow 2.12 - {{Could}} Not Load Library Libcudnn\_cnn\_infer.so.8 in {{WSL2}}},
  author = {Delimaras, Vasileios},
  date = {2023-04-14},
  url = {https://stackoverflow.com/q/76016645},
  urldate = {2024-02-12},
  organization = {Stack Overflow}
}

@article{Demir.Musaoglu2023,
  title = {Automatic {{Classification}} of {{Selected Corine Classes Using Deep Learning Based Semantic Segmentation}}},
  author = {Demir, D. B. and Musaoglu, N.},
  date = {2023},
  journaltitle = {The International Archives of the Photogrammetry, Remote Sensing and Spatial Information Sciences},
  volume = {XLVIII-M-3-2023},
  pages = {71--75},
  doi = {10.5194/isprs-archives-XLVIII-M-3-2023-71-2023}
}

@online{Deng.Zhu.ea2020,
  title = {Scale {{Aware Adaptation}} for {{Land-Cover Classification}} in {{Remote Sensing Imagery}}},
  author = {Deng, Xueqing and Zhu, Yi and Tian, Yuxin and Newsam, Shawn},
  date = {2020-12-08},
  number = {arXiv:2012.04222},
  url = {http://arxiv.org/abs/2012.04222},
  urldate = {2024-04-16},
  version = {1}
}

@article{deSantanaCorreia.Colombini2022,
  title = {Attention, Please! {{A}} Survey of Neural Attention Models in Deep Learning},
  author = {family=Santana Correia, given=Alana, prefix=de, useprefix=true and Colombini, Esther Luna},
  date = {2022},
  journaltitle = {Artificial Intelligence Review},
  volume = {55},
  number = {8},
  pages = {6037--6124},
  doi = {10.1007/s10462-022-10148-x}
}

@article{Desislavov.Martinez-Plumed.ea2023,
  title = {Compute and {{Energy Consumption Trends}} in {{Deep Learning Inference}}},
  author = {Desislavov, Radosvet and Martínez-Plumed, Fernando and Hernández-Orallo, José},
  date = {2023},
  journaltitle = {Sustainable Computing: Informatics and Systems},
  volume = {38},
  pages = {100857},
  doi = {10.1016/j.suscom.2023.100857}
}

@article{Dharani.Sreenivasulu2019,
  title = {Land Use and Land Cover Change Detection by Using Principal Component Analysis and Morphological Operations in Remote Sensing Applications},
  author = {Dharani, Mundluru and Sreenivasulu, G.},
  date = {2019},
  journaltitle = {International Journal of Computers and Applications},
  doi = {10.1080/1206212X.2019.1578068}
}

@online{Dhingra.Chogovadze.ea2021,
  title = {Border-{{SegGCN}}: {{Improving Semantic Segmentation}} by {{Refining}} the {{Border Outline}} Using {{Graph Convolutional Network}}},
  author = {Dhingra, Naina and Chogovadze, George and Kunz, Andreas},
  date = {2021-09-11},
  number = {arXiv:2109.05353},
  doi = {10.48550/arXiv.2109.05353}
}

@article{Diakogiannis.Waldner.ea2020,
  title = {{{ResUNet-a}}: {{A}} Deep Learning Framework for Semantic Segmentation of Remotely Sensed Data},
  author = {Diakogiannis, Foivos I. and Waldner, François and Caccetta, Peter and Wu, Chen},
  date = {2020},
  journaltitle = {ISPRS Journal of Photogrammetry and Remote Sensing},
  volume = {162},
  pages = {94--114},
  doi = {10.1016/j.isprsjprs.2020.01.013}
}

@article{Digra.Dhir.ea2022,
  title = {Land Use Land Cover Classification of Remote Sensing Images Based on the Deep Learning Approaches: A Statistical Analysis and Review},
  author = {Digra, Monia and Dhir, Renu and Sharma, Nonita},
  date = {2022-05-17},
  journaltitle = {Arabian Journal of Geosciences},
  volume = {15},
  number = {10},
  pages = {1003},
  doi = {10.1007/s12517-022-10246-8}
}

@article{Ding.Jiang.ea2020,
  title = {Semantic {{Segmentation With Context Encoding}} and {{Multi-Path Decoding}}},
  author = {Ding, Henghui and Jiang, Xudong and Shuai, Bing and Liu, Ai Qun and Wang, Gang},
  date = {2020},
  journaltitle = {IEEE Transactions on Image Processing},
  volume = {29},
  pages = {3520--3533},
  doi = {10.1109/TIP.2019.2962685},
  eventtitle = {{{IEEE Transactions}} on {{Image Processing}}}
}

@inproceedings{Dosovitskiy.Beyer.ea2020,
  title = {An {{Image}} Is {{Worth}} 16x16 {{Words}}: {{Transformers}} for {{Image Recognition}} at {{Scale}}},
  booktitle = {International {{Conference}} on {{Learning Representations}}},
  author = {Dosovitskiy, Alexey and Beyer, Lucas and Kolesnikov, Alexander and Weissenborn, Dirk and Zhai, Xiaohua and Unterthiner, Thomas and Dehghani, Mostafa and Minderer, Matthias and Heigold, Georg and Gelly, Sylvain and Uszkoreit, Jakob and Houlsby, Neil},
  date = {2020},
  publisher = {arXiv},
  doi = {10.48550/arXiv.2010.11929},
  eventtitle = {International {{Conference}} on {{Learning Representations}}}
}

@online{Dumoulin.Visin2018,
  title = {A Guide to Convolution Arithmetic for Deep Learning},
  author = {Dumoulin, Vincent and Visin, Francesco},
  date = {2018},
  number = {arXiv:1603.07285},
  doi = {10.48550/arXiv.1603.07285}
}

@online{ESA2024,
  title = {S2 {{Mission}}},
  author = {{ESA}},
  date = {2024},
  url = {https://sentiwiki.copernicus.eu/web/s2-mission},
  urldate = {2024-06-16}
}

@article{Fang.Zeng.ea2022,
  title = {Spatial Context-Aware Method for Urban Land Use Classification Using Street View Images},
  author = {Fang, Fang and Zeng, Linyun and Li, Shengwen and Zheng, Daoyuan and Zhang, Jiahui and Liu, Yuanyuan and Wan, Bo},
  date = {2022-10-01},
  journaltitle = {ISPRS Journal of Photogrammetry and Remote Sensing},
  volume = {192},
  pages = {1--12},
  doi = {10.1016/j.isprsjprs.2022.07.020}
}

@article{Fawcett2006,
  title = {An Introduction to {{ROC}} Analysis},
  author = {Fawcett, Tom},
  date = {2006},
  journaltitle = {Pattern Recognition Letters},
  volume = {27},
  number = {8},
  pages = {861--874},
  doi = {10.1016/j.patrec.2005.10.010}
}

@article{Feng.Myint2016,
  title = {Exploring the Effect of Neighboring Land Cover Pattern on Land Surface Temperature of Central Building Objects},
  author = {Feng, Xin and Myint, Soe W.},
  date = {2016},
  journaltitle = {Building and Environment},
  volume = {95},
  pages = {346--354},
  doi = {10.1016/j.buildenv.2015.09.019}
}

@report{FGSV.2011,
  title = {Guidelines for the {{Design}} of {{Motorways}} ({{RAA}})},
  author = {{Road and Transportation Research Association}},
  date = {2011},
  institution = {Committee: Motorways}
}

@report{FGSV.2012,
  title = {Directives for the {{Design}} of {{Urban Roads}} ({{RASt}})},
  author = {{Road and Transportation Research Association}},
  date = {2012},
  institution = {Committee: Urban Roads}
}

@article{Fonte.Minghini.ea2017,
  title = {Generating {{Up-to-Date}} and {{Detailed Land Use}} and {{Land Cover Maps Using OpenStreetMap}} and {{GlobeLand30}}},
  author = {Fonte, Cidália Costa and Minghini, Marco and Patriarca, Joaquim and Antoniou, Vyron and See, Linda and Skopeliti, Andriani},
  date = {2017-04},
  journaltitle = {ISPRS International Journal of Geo-Information},
  volume = {6},
  number = {4},
  pages = {125},
  publisher = {Multidisciplinary Digital Publishing Institute},
  doi = {10.3390/ijgi6040125},
  issue = {4}
}

@article{Forget.Linard.ea2018,
  title = {Supervised {{Classification}} of {{Built-Up Areas}} in {{Sub-Saharan African Cities Using Landsat Imagery}} and {{OpenStreetMap}}},
  author = {Forget, Yann and Linard, Catherine and Gilbert, Marius},
  date = {2018},
  journaltitle = {Remote Sensing},
  volume = {10},
  number = {7},
  pages = {1145},
  publisher = {Multidisciplinary Digital Publishing Institute},
  doi = {10.3390/rs10071145},
  issue = {7}
}

@book{Garcia-Alvarez.CamachoOlmedo.ea2022,
  title = {Land {{Use Cover Datasets}} and {{Validation Tools}}: {{Validation Practices}} with {{QGIS}}},
  editor = {García-Álvarez, David and Camacho Olmedo, María Teresa and Paegelow, Martin and Mas, Jean François},
  date = {2022},
  publisher = {Springer Nature},
  doi = {10.1007/978-3-030-90998-7}
}

@article{Ge.Zhang.ea2022,
  title = {Geoscience-Aware Deep Learning: {{A}} New Paradigm for Remote Sensing},
  author = {Ge, Yong and Zhang, Xining and Atkinson, Peter M. and Stein, Alfred and Li, Lianfa},
  date = {2022-06-01},
  journaltitle = {Science of Remote Sensing},
  volume = {5},
  pages = {100047},
  doi = {10.1016/j.srs.2022.100047}
}

@inproceedings{Getzner.Charpentier.ea2023,
  title = {Accuracy Is Not the Only {{Metric}} That Matters: {{Estimating}} the {{Energy Consumption}} of {{Deep Learning Models}}},
  booktitle = {International {{Conference}} on {{Learning Representations}}},
  author = {Getzner, Johannes and Charpentier, Bertrand and Günnemann, Stephan},
  date = {2023},
  publisher = {arXiv},
  doi = {10.48550/arXiv.2304.00897},
  eventtitle = {International {{Conference}} on {{Learning Representations}}}
}

@inproceedings{Geva.Schuster.ea2021,
  title = {Transformer {{Feed-Forward Layers Are Key-Value Memories}}},
  booktitle = {Proceedings of the 2021 {{Conference}} on {{Empirical Methods}} in {{Natural Language Processing}}},
  author = {Geva, Mor and Schuster, Roei and Berant, Jonathan and Levy, Omer},
  editor = {Moens, Marie-Francine and Huang, Xuanjing and Specia, Lucia and Yih, Scott Wen-tau},
  date = {2021},
  pages = {5484--5495},
  publisher = {Association for Computational Linguistics},
  location = {Online and Punta Cana, Dominican Republic},
  doi = {10.18653/v1/2021.emnlp-main.446},
  eventtitle = {{{EMNLP}} 2021}
}

@online{Gholamalinezhad.Khosravi2020,
  title = {Pooling {{Methods}} in {{Deep Neural Networks}}, a {{Review}}},
  author = {Gholamalinezhad, Hossein and Khosravi, Hossein},
  date = {2020},
  number = {arXiv:2009.07485},
  doi = {10.48550/arXiv.2009.07485}
}

@book{Goodfellow.Bengio.ea2016,
  title = {Deep {{Learning}}},
  author = {Goodfellow, Ian and Bengio, Yoshua and Courville, Aaron},
  date = {2016},
  publisher = {MIT Press},
  isbn = {978-0-262-03561-3}
}

@online{Goyal.Dollar.ea2018,
  title = {Accurate, {{Large Minibatch SGD}}: {{Training ImageNet}} in 1 {{Hour}}},
  author = {Goyal, Priya and Dollár, Piotr and Girshick, Ross and Noordhuis, Pieter and Wesolowski, Lukasz and Kyrola, Aapo and Tulloch, Andrew and Jia, Yangqing and He, Kaiming},
  date = {2018},
  number = {arXiv:1706.02677},
  doi = {10.48550/arXiv.1706.02677}
}

@article{Guo.Feng2018,
  title = {Using Multi-Scale and Hierarchical Deep Convolutional Features for {{3D}} Semantic Classification of {{TLS}} Point Clouds},
  author = {Guo, Zhou and Feng, Chen-Chieh},
  date = {2018-12-10},
  journaltitle = {International Journal of Geographical Information Science},
  volume = {34},
  pages = {1--20},
  doi = {10.1080/13658816.2018.1552790}
}

@article{Guo.Liu.ea2018,
  title = {A Review of Semantic Segmentation Using Deep Neural Networks},
  author = {Guo, Yanming and Liu, Yu and Georgiou, Theodoros and Lew, Michael S.},
  date = {2018},
  journaltitle = {International Journal of Multimedia Information Retrieval},
  volume = {7},
  number = {2},
  pages = {87--93},
  doi = {10.1007/s13735-017-0141-z}
}

@article{Hacar.Kilic.ea2018,
  title = {Analyzing {{OpenStreetMap Road Data}} and {{Characterizing}} the {{Behavior}} of {{Contributors}} in {{Ankara}}, {{Turkey}}},
  author = {Hacar, Müslüm and Kılıç, Batuhan and Şahbaz, Kadir},
  date = {2018-10},
  journaltitle = {ISPRS International Journal of Geo-Information},
  volume = {7},
  number = {10},
  pages = {400},
  publisher = {Multidisciplinary Digital Publishing Institute},
  doi = {10.3390/ijgi7100400},
  issue = {10}
}

@inproceedings{Hamilton.Zhang.ea2022,
  title = {Unsupervised {{Semantic Segmentation}} by {{Distilling Feature Correspondences}}},
  booktitle = {International {{Conference}} on {{Learning Representations}}},
  author = {Hamilton, Mark and Zhang, Zhoutong and Hariharan, Bharath and Snavely, Noah and Freeman, William T.},
  date = {2022},
  publisher = {arXiv},
  doi = {10.48550/arXiv.2203.08414},
  eventtitle = {International {{Conference}} on {{Learning Representations}}}
}

@article{Han.Wang.ea2023,
  title = {A {{Survey}} on {{Vision Transformer}}},
  author = {Han, Kai and Wang, Yunhe and Chen, Hanting and Chen, Xinghao and Guo, Jianyuan and Liu, Zhenhua and Tang, Yehui and Xiao, An and Xu, Chunjing and Xu, Yixing and Yang, Zhaohui and Zhang, Yiman and Tao, Dacheng},
  date = {2023},
  journaltitle = {IEEE Transactions on Pattern Analysis and Machine Intelligence},
  volume = {45},
  number = {1},
  pages = {87--110},
  doi = {10.1109/TPAMI.2022.3152247},
  eventtitle = {{{IEEE Transactions}} on {{Pattern Analysis}} and {{Machine Intelligence}}}
}

@article{Hancock.Khoshgoftaar2020,
  title = {Survey on Categorical Data for Neural Networks},
  author = {Hancock, John T. and Khoshgoftaar, Taghi M.},
  date = {2020-04-10},
  journaltitle = {Journal of Big Data},
  volume = {7},
  number = {1},
  pages = {28},
  doi = {10.1186/s40537-020-00305-w}
}

@article{Hao.Zhou.ea2020,
  title = {A {{Brief Survey}} on {{Semantic Segmentation}} with {{Deep Learning}}},
  author = {Hao, Shijie and Zhou, Yuan and Guo, Yanrong},
  date = {2020},
  journaltitle = {Neurocomputing},
  volume = {406},
  pages = {302--321},
  doi = {10.1016/j.neucom.2019.11.118}
}

@article{He.Chen.ea2021,
  title = {Spatial-{{Spectral Transformer}} for {{Hyperspectral Image Classification}}},
  author = {He, Xin and Chen, Yushi and Lin, Zhouhan},
  date = {2021},
  journaltitle = {Remote Sensing},
  volume = {13},
  number = {3},
  pages = {498},
  publisher = {Multidisciplinary Digital Publishing Institute},
  doi = {10.3390/rs13030498},
  issue = {3}
}

@inproceedings{He.Zhang.ea2016,
  title = {Deep {{Residual Learning}} for {{Image Recognition}}},
  booktitle = {{{IEEE Conference}} on {{Computer Vision}} and {{Pattern Recognition}} ({{CVPR}} 2016)},
  author = {He, Kaiming and Zhang, Xiangyu and Ren, Shaoqing and Sun, Jian},
  date = {2016},
  pages = {770--778},
  doi = {10.1109/CVPR.2016.90},
  eventtitle = {{{IEEE Conference}} on {{Computer Vision}} and {{Pattern Recognition}} ({{CVPR}} 2016)}
}

@online{Heidelberg2024a,
  title = {Heidelberg in Zahlen},
  author = {{City of Heidelberg}},
  date = {2024},
  url = {https://heidelberg.de/HD/Rathaus/Heidelberg+in+Zahlen.html},
  urldate = {2024-06-04}
}

@online{Heidelberg2024b,
  title = {Die Stadt},
  author = {{City of Heidelberg}},
  date = {2024},
  url = {https://heidelberg.de/HD/Leben/Die+Stadt.html},
  urldate = {2024-06-04}
}

@online{HeiGIT2024,
  title = {Heidelberg {{Institute}} for {{Geoinformation Technology}}},
  author = {{HeiGIT}},
  date = {2024},
  url = {https://heigit.org/},
  urldate = {2024-06-17}
}

@software{HeiGIT2024a,
  title = {{{LULC Utility}}},
  author = {{HeiGIT}},
  date = {2024},
  url = {https://gitlab.gistools.geog.uni-heidelberg.de/climate-action/utilities/lulc-utility},
  urldate = {2024-05-25}
}

@software{HeiGIT2024b,
  title = {Ohsome},
  author = {{HeiGIT}},
  date = {2024},
  url = {https://heigit.org/big-spatial-data-analytics-en/ohsome/},
  urldate = {2024-06-10}
}

@software{HeiGIT2024c,
  title = {Ohsome {{Quality API}}},
  author = {{HeiGIT}},
  date = {2024},
  url = {https://heigit.org/big-spatial-data-analytics-en/ohsome/ohsome-quality-analyst-oqt/},
  urldate = {2024-06-10}
}

@article{Herfort.Lautenbach.ea2021,
  title = {The Evolution of Humanitarian Mapping within the {{OpenStreetMap}} Community},
  author = {Herfort, Benjamin and Lautenbach, Sven and Porto de Albuquerque, João and Anderson, Jennings and Zipf, Alexander},
  date = {2021},
  journaltitle = {Scientific Reports},
  volume = {11},
  number = {1},
  pages = {3037},
  publisher = {Nature Publishing Group},
  doi = {10.1038/s41598-021-82404-z}
}

@article{Herfort.Li.ea2019,
  title = {Mapping {{Human Settlements}} with {{Higher Accuracy}} and {{Less Volunteer Efforts}} by {{Combining Crowdsourcing}} and {{Deep Learning}}},
  author = {Herfort, Benjamin and Li, Hao and Fendrich, Sascha and Lautenbach, Sven and Zipf, Alexander},
  date = {2019-01},
  journaltitle = {Remote Sensing},
  volume = {11},
  number = {15},
  pages = {1799},
  publisher = {Multidisciplinary Digital Publishing Institute},
  doi = {10.3390/rs11151799},
  issue = {15}
}

@article{Holtgrave.Roder.ea2020,
  title = {Comparing {{Sentinel-1}} and -2 {{Data}} and {{Indices}} for {{Agricultural Land Use Monitoring}}},
  author = {Holtgrave, Ann-Kathrin and Röder, Norbert and Ackermann, Andrea and Erasmi, Stefan and Kleinschmit, Birgit},
  date = {2020},
  journaltitle = {Remote Sensing},
  volume = {12},
  number = {18},
  pages = {2919},
  publisher = {Multidisciplinary Digital Publishing Institute},
  doi = {10.3390/rs12182919},
  issue = {18}
}

@inproceedings{Hong.Sapp.ea2019,
  title = {Rules of the {{Road}}: {{Predicting Driving Behavior With}} a {{Convolutional Model}} of {{Semantic Interactions}}},
  booktitle = {2019 {{IEEE}}/{{CVF Conference}} on {{Computer Vision}} and {{Pattern Recognition}} ({{CVPR}})},
  author = {Hong, Joey and Sapp, Benjamin and Philbin, James},
  date = {2019-06},
  pages = {8446--8454},
  doi = {10.1109/CVPR.2019.00865},
  eventtitle = {2019 {{IEEE}}/{{CVF Conference}} on {{Computer Vision}} and {{Pattern Recognition}} ({{CVPR}})}
}

@article{Hong.Zhang.ea2023,
  title = {Cross-City Matters: {{A}} Multimodal Remote Sensing Benchmark Dataset for Cross-City Semantic Segmentation Using High-Resolution Domain Adaptation Networks},
  author = {Hong, Danfeng and Zhang, Bing and Li, Hao and Li, Yuxuan and Yao, Jing and Li, Chenyu and Werner, Martin and Chanussot, Jocelyn and Zipf, Alexander and Zhu, Xiao},
  date = {2023-12-15},
  journaltitle = {Remote Sensing of Environment},
  doi = {10.1016/j.rse.2023.113856}
}

@article{Hossain.Chen2019,
  title = {Segmentation for {{Object-Based Image Analysis}} ({{OBIA}}): {{A}} Review of Algorithms and Challenges from Remote Sensing Perspective},
  author = {Hossain, Mohammad D. and Chen, Dongmei},
  date = {2019-04-01},
  journaltitle = {ISPRS Journal of Photogrammetry and Remote Sensing},
  volume = {150},
  pages = {115--134},
  doi = {10.1016/j.isprsjprs.2019.02.009}
}

@online{HOTOSM2024,
  title = {Humanitarian {{OpenStreetMap Team}}},
  author = {{HOT OSM}},
  date = {2024},
  url = {https://www.hotosm.org/},
  urldate = {2024-06-17}
}

@book{Hu.Li.ea2019,
  title = {Artificial {{Intelligence Approaches}}},
  author = {Hu, Yingjie and Li, Wenwen and Wright, Dawn and Aydin, Orhun and Wilson, Daniel and Maher, Omar and Raad, Mansour},
  date = {2019-08-27}
}

@article{Hu.Li.ea2020,
  title = {Classification of {{Very High-Resolution Remote Sensing Imagery Using}} a {{Fully Convolutional Network With Global}} and {{Local Context Information Enhancements}}},
  author = {Hu, Huanjun and Li, Zheng and Li, Lin and Yang, Hui and Zhu, Haihong},
  date = {2020},
  journaltitle = {IEEE Access},
  volume = {8},
  pages = {14606--14619},
  doi = {10.1109/ACCESS.2020.2964760},
  eventtitle = {{{IEEE Access}}}
}

@online{HuggingFace2024,
  title = {{{SegFormer}}},
  author = {{Hugging Face}},
  date = {2024},
  url = {https://huggingface.co/docs/transformers/model_doc/segformer},
  urldate = {2024-01-30}
}

@report{IPCC2023,
  title = {Climate {{Change}} 2023: {{Synthesis Report}}. {{Contribution}} of {{Working Groups I}}, {{II}} and {{III}} to the {{Sixth Assessment Report}} of the {{Intergovernmental Panel}} on {{Climate Change}} [{{Core Writing Team}}, {{H}}. {{Lee}} and {{J}}. {{Romero}} (Eds.)]. {{IPCC}}, {{Geneva}}, {{Switzerland}}.},
  author = {{IPCC}},
  date = {2023},
  institution = {Intergovernmental Panel on Climate Change (IPCC)},
  doi = {10.59327/IPCC/AR6-9789291691647}
}

@inproceedings{Janocha.Czarnecki2017,
  title = {On {{Loss Functions}} for {{Deep Neural Networks}} in {{Classification}}},
  booktitle = {Theoretical {{Foundations}} of {{Machine Learning}} 2017 ({{TFML}} 2017)},
  author = {Janocha, Katarzyna and Czarnecki, Wojciech Marian},
  date = {2017},
  url = {https://doi.org/10.48550/arXiv.1702.05659},
  eventtitle = {Theoretical {{Foundations}} of {{Machine Learning}} 2017 ({{TFML}} 2017)}
}

@article{Janowicz.Gao.ea2020,
  title = {{{GeoAI}}: {{Spatially Explicit Artificial Intelligence Techniques}} for {{Geographic Knowledge Discovery}} and {{Beyond}}},
  author = {Janowicz, Krzysztof and Gao, Song and McKenzie, Grant and Hu, Yingjie and Bhaduri, Leena},
  date = {2020-04-02},
  journaltitle = {International Journal of Geographical Information Science},
  volume = {34},
  pages = {1--13},
  doi = {10.1080/13658816.2019.1684500}
}

@article{Johnson.Iizuka2016,
  title = {Integrating {{OpenStreetMap}} Crowdsourced Data and {{Landsat}} Time-Series Imagery for Rapid Land Use/Land Cover ({{LULC}}) Mapping: {{Case}} Study of the {{Laguna}} de {{Bay}} Area of the {{Philippines}}},
  author = {Johnson, Brian A. and Iizuka, Kotaro},
  date = {2016-02-01},
  journaltitle = {Applied Geography},
  volume = {67},
  pages = {140--149},
  doi = {10.1016/j.apgeog.2015.12.006}
}

@article{Johnson1967,
  title = {Hierarchical Clustering Schemes},
  author = {Johnson, Stephen C.},
  date = {1967},
  journaltitle = {Psychometrika},
  volume = {32},
  number = {3},
  pages = {241--254},
  doi = {10.1007/BF02289588}
}

@article{JokarArsanjani.Helbich.ea2013,
  title = {Toward Mapping Land-Use Patterns from Volunteered Geographic Information},
  author = {Jokar Arsanjani, Jamal and Helbich, Marco and Bakillah, Mohamed and Hagenauer, Julian and Zipf, Alexander},
  date = {2013},
  journaltitle = {International Journal of Geographical Information Science},
  volume = {27},
  pages = {2264--2278},
  doi = {10.1080/13658816.2013.800871}
}

@incollection{JokarArsanjani.Mooney.ea2015,
  title = {Quality {{Assessment}} of the {{Contributed Land Use Information}} from {{OpenStreetMap Versus Authoritative Datasets}}},
  booktitle = {{{OpenStreetMap}} in {{GIScience}}: {{Experiences}}, {{Research}}, and {{Applications}}},
  author = {Jokar Arsanjani, Jamal and Mooney, Peter and Zipf, Alexander and Schauss, Anne},
  editor = {Jokar Arsanjani, Jamal and Zipf, Alexander and Mooney, Peter and Helbich, Marco},
  date = {2015},
  pages = {37--58},
  publisher = {Springer International Publishing},
  location = {Cham},
  doi = {10.1007/978-3-319-14280-7_3},
  isbn = {978-3-319-14280-7}
}

@article{Kar.Choudhary.ea2022,
  title = {How Can Artificial Intelligence Impact Sustainability: {{A}} Systematic Literature Review},
  author = {Kar, Arpan Kumar and Choudhary, Shweta Kumari and Singh, Vinay Kumar},
  date = {2022},
  journaltitle = {Journal of Cleaner Production},
  volume = {376},
  pages = {134120},
  doi = {10.1016/j.jclepro.2022.134120}
}

@book{Karpatne.Kannan.ea2022a,
  title = {Knowledge {{Guided Machine Learning}}: {{Accelerating Discovery}} Using {{Scientific Knowledge}} and {{Data}}},
  editor = {Karpatne, Anuj and Kannan, Ramakrishnan and Kumar, Vipin},
  date = {2022-08-15},
  publisher = {{Chapman and Hall/CRC}},
  location = {New York},
  doi = {10.1201/9781003143376},
  isbn = {978-1-00-314337-6}
}

@article{Keller.Gabriel.ea2020,
  title = {Machine {{Learning Framework}} for the {{Estimation}} of {{Average Speed}} in {{Rural Road Networks}} with {{OpenStreetMap Data}}},
  author = {Keller, Sina and Gabriel, Raoul and Guth, Johanna},
  date = {2020-11},
  journaltitle = {ISPRS International Journal of Geo-Information},
  volume = {9},
  number = {11},
  pages = {638},
  publisher = {Multidisciplinary Digital Publishing Institute},
  doi = {10.3390/ijgi9110638},
  issue = {11}
}

@article{Khamchiangta.Dhakal2020,
  title = {Time Series Analysis of Land Use and Land Cover Changes Related to Urban Heat Island Intensity: {{Case}} of {{Bangkok Metropolitan Area}} in {{Thailand}}},
  author = {Khamchiangta, Dararat and Dhakal, Shobhakar},
  date = {2020},
  journaltitle = {Journal of Urban Management},
  volume = {9},
  number = {4},
  pages = {383--395},
  doi = {10.1016/j.jum.2020.09.001}
}

@article{Khan.Naseer.ea2021,
  title = {Transformers in {{Vision}}: {{A Survey}}},
  author = {Khan, Salman and Naseer, Muzammal and Hayat, Munawar and Zamir, Syed Waqas and Khan, Fahad Shahbaz and Shah, Mubarak},
  date = {2021},
  journaltitle = {ACM Computing Surveys},
  volume = {54},
  pages = {1--41},
  doi = {10.1145/3505244},
  issue = {10s}
}

@article{Kibena.Nhapi.ea2014,
  title = {Assessing the Relationship between Water Quality Parameters and Changes in Landuse Patterns in the {{Upper Manyame River}}, {{Zimbabwe}}},
  author = {Kibena, J. and Nhapi, I. and Gumindoga, W.},
  date = {2014},
  journaltitle = {Physics and Chemistry of the Earth, Parts A/B/C},
  volume = {67--69},
  pages = {153--163},
  doi = {10.1016/j.pce.2013.09.017}
}

@inproceedings{Kingma.Ba2015,
  title = {Adam: {{A Method}} for {{Stochastic Optimization}}},
  booktitle = {3rd {{International Conference}} for {{Learning Representations}} ({{ICLR}} 2015)},
  author = {Kingma, Diederik P. and Ba, Jimmy},
  date = {2015},
  doi = {10.48550/arXiv.1412.6980},
  eventtitle = {3rd {{International Conference}} for {{Learning Representations}} ({{ICLR}} 2015)}
}

@online{Kiranyaz.Avci.ea2019,
  title = {{{1D Convolutional Neural Networks}} and {{Applications}}: {{A Survey}}},
  author = {Kiranyaz, Serkan and Avci, Onur and Abdeljaber, Osama and Ince, Turker and Gabbouj, Moncef and Inman, Daniel},
  date = {2019}
}

@inproceedings{Kirillov.He.ea2019,
  title = {Panoptic {{Segmentation}}},
  booktitle = {{{IEEE Conference}} on {{Computer Vision}} and {{Pattern Recognition}} ({{CVPR}} 2019)},
  author = {Kirillov, Alexander and He, Kaiming and Girshick, Ross and Rother, Carsten and Dollár, Piotr},
  date = {2019},
  doi = {10.48550/arXiv.1801.00868},
  eventtitle = {{{IEEE Conference}} on {{Computer Vision}} and {{Pattern Recognition}} ({{CVPR}} 2019)}
}

@online{Kirk2020,
  type = {Forum post},
  title = {How to Convert Vector Format (Geopackage, Shapefile) to Raster Format (Geotiff) Using Rasterio without Template Raster},
  author = {Kirk},
  date = {2020-10-14},
  url = {https://gis.stackexchange.com/q/305135},
  urldate = {2024-04-08},
  organization = {Geographic Information Systems Stack Exchange}
}

@article{Kocur-Bera.Dawidowicz2019,
  title = {Land {{Use}} versus {{Land Cover}}: {{Geo-Analysis}} of {{National Roads}} and {{Synchronisation Algorithms}}},
  author = {Kocur-Bera, Katarzyna and Dawidowicz, Agnieszka},
  date = {2019-01},
  journaltitle = {Remote Sensing},
  volume = {11},
  number = {24},
  pages = {3053},
  publisher = {Multidisciplinary Digital Publishing Institute},
  doi = {10.3390/rs11243053},
  issue = {24}
}

@article{Kotaridis.Lazaridou2021,
  title = {Remote Sensing Image Segmentation Advances: {{A}} Meta-Analysis},
  author = {Kotaridis, Ioannis and Lazaridou, Maria},
  date = {2021-03-01},
  journaltitle = {ISPRS Journal of Photogrammetry and Remote Sensing},
  volume = {173},
  pages = {309--322},
  doi = {10.1016/j.isprsjprs.2021.01.020}
}

@article{Kussul.Lavreniuk.ea2017,
  title = {Deep {{Learning Classification}} of {{Land Cover}} and {{Crop Types Using Remote Sensing Data}}},
  author = {Kussul, Nataliia and Lavreniuk, Mykola and Skakun, Sergii and Shelestov, Andrii},
  date = {2017},
  journaltitle = {IEEE Geoscience and Remote Sensing Letters},
  volume = {14},
  number = {5},
  pages = {778--782},
  doi = {10.1109/LGRS.2017.2681128},
  eventtitle = {{{IEEE Geoscience}} and {{Remote Sensing Letters}}}
}

@article{Lavallin.Downs2021,
  title = {Machine Learning in Geography–{{Past}}, Present, and Future},
  author = {Lavallin, Abigail and Downs, Joni A.},
  date = {2021},
  journaltitle = {Geography Compass},
  volume = {15},
  number = {5},
  pages = {e12563},
  doi = {10.1111/gec3.12563}
}

@inproceedings{Lazzaro.Cina.ea2023,
  title = {Minimizing {{Energy Consumption}} of {{Deep Learning Models}} by {{Energy-Aware Training}}},
  booktitle = {22nd {{International Conference}} on {{Image Analysis}} and {{Processing}} ({{ICIAP}} 2023)},
  author = {Lazzaro, Dario and Cinà, Antonio Emanuele and Pintor, Maura and Demontis, Ambra and Biggio, Battista and Roli, Fabio and Pelillo, Marcello},
  date = {2023},
  doi = {10.48550/arXiv.2307.00368},
  eventtitle = {22nd {{International Conference}} on {{Image Analysis}} and {{Processing}} ({{ICIAP}} 2023)}
}

@article{LeCun.Bengio.ea2015,
  title = {Deep Learning},
  author = {LeCun, Yann and Bengio, Yoshua and Hinton, Geoffrey},
  date = {2015},
  journaltitle = {Nature},
  volume = {521},
  number = {7553},
  pages = {436--444},
  publisher = {Nature Publishing Group},
  doi = {10.1038/nature14539},
  issue = {7553}
}

@incollection{LeCun.Bottou.ea2012,
  title = {Efficient {{BackProp}}},
  booktitle = {Neural {{Networks}}: {{Tricks}} of the {{Trade}}: {{Second Edition}}},
  author = {LeCun, Yann A. and Bottou, Léon and Orr, Genevieve B. and Müller, Klaus-Robert},
  editor = {Montavon, Grégoire and Orr, Geneviève B. and Müller, Klaus-Robert},
  date = {2012},
  pages = {9--48},
  publisher = {Springer},
  location = {Berlin, Heidelberg},
  doi = {10.1007/978-3-642-35289-8_3},
  isbn = {978-3-642-35289-8}
}

@inproceedings{LeCun.Kavukcuoglu.ea2010,
  title = {Convolutional Networks and Applications in Vision},
  booktitle = {Proceedings of 2010 {{IEEE International Symposium}} on {{Circuits}} and {{Systems}}},
  author = {LeCun, Yann and Kavukcuoglu, Koray and Farabet, Clement},
  date = {2010-05},
  pages = {253--256},
  doi = {10.1109/ISCAS.2010.5537907},
  eventtitle = {Proceedings of 2010 {{IEEE International Symposium}} on {{Circuits}} and {{Systems}}}
}

@incollection{Levinson.Xie.ea2007,
  title = {The {{Co-Evolution}} of {{Land Use}} and {{Road Networks}}},
  booktitle = {Transportation and {{Traffic Theory}}},
  author = {Levinson, David Matthew and Xie, Feng and Zhu, Shanjiang},
  date = {2007},
  series = {Seventeenth {{International Symposium}} on {{Transportation}} and {{Traffic Theory}}},
  pages = {839--859},
  publisher = {Emerald Group}
}

@online{Levinson.Yerra2005,
  title = {How {{Land Use Shapes}} the {{Evolution}} of {{Road Networks}}},
  author = {Levinson, David Matthew and Yerra, Bhanu},
  date = {2005},
  series = {Social {{Science Research Network}}},
  number = {1736160},
  location = {Rochester, NY},
  doi = {10.2139/ssrn.1736160}
}

@article{Li.Cai.ea2024,
  title = {A Review of Remote Sensing Image Segmentation by Deep Learning Methods},
  author = {Li, Jiangyun and Cai, Yuanxiu and Li, Qing and Kou, Mingyin and Zhang, Tianxiang},
  date = {2024},
  journaltitle = {International Journal of Digital Earth},
  volume = {17},
  number = {1},
  pages = {2328827},
  publisher = {Taylor \& Francis},
  doi = {10.1080/17538947.2024.2328827}
}

@article{Li.Herfort.ea2020,
  title = {Exploration of {{OpenStreetMap}} Missing Built-up Areas Using Twitter Hierarchical Clustering and Deep Learning in {{Mozambique}}},
  author = {Li, Hao and Herfort, Benjamin and Huang, Wei and Zia, Mohammed and Zipf, Alexander},
  date = {2020},
  journaltitle = {ISPRS Journal of Photogrammetry and Remote Sensing},
  volume = {166},
  pages = {41--51},
  doi = {10.1016/j.isprsjprs.2020.05.007}
}

@article{Li.Hsu.ea2021,
  title = {Tobler’s {{First Law}} in {{GeoAI}}: {{A Spatially Explicit Deep Learning Model}} for {{Terrain Feature Detection}} under {{Weak Supervision}}},
  author = {Li, Wenwen and Hsu, Chia-Yu and Hu, Maosheng},
  date = {2021-11-10},
  journaltitle = {Annals of the American Association of Geographers},
  volume = {111},
  number = {7},
  pages = {1887--1905},
  publisher = {Taylor \& Francis},
  doi = {10.1080/24694452.2021.1877527}
}

@article{Li.Hsu2018,
  title = {Automated Terrain Feature Identification from Remote Sensing Imagery: A Deep Learning Approach},
  author = {Li, Wenwen and Hsu, Chia-Yu},
  date = {2018-11-07},
  journaltitle = {International Journal of Geographical Information Science},
  volume = {34},
  pages = {1--24},
  doi = {10.1080/13658816.2018.1542697}
}

@inproceedings{Li.Jiang.ea2021,
  title = {Full-{{Cycle Energy Consumption Benchmark}} for {{Low-Carbon Computer Vision}}},
  booktitle = {35th {{Conference}} on {{Neural Information Processing Systems}} ({{NeurIPS}} 2021)},
  author = {Li, Bo and Jiang, Xinyang and Bai, Donglin and Zhang, Yuge and Zheng, Ningxin and Dong, Xuanyi and Liu, Lu and Yang, Yuqing and Li, Dongsheng},
  date = {2021},
  publisher = {arXiv},
  doi = {10.48550/arXiv.2108.13465},
  eventtitle = {35th {{Conference}} on {{Neural Information Processing Systems}} ({{NeurIPS}} 2021)}
}

@article{Li.Liu.ea2022,
  title = {A {{Survey}} of {{Convolutional Neural Networks}}: {{Analysis}}, {{Applications}}, and {{Prospects}}},
  author = {Li, Zewen and Liu, Fan and Yang, Wenjie and Peng, Shouheng and Zhou, Jun},
  date = {2022-12},
  journaltitle = {IEEE Transactions on Neural Networks and Learning Systems},
  volume = {33},
  number = {12},
  pages = {6999--7019},
  doi = {10.1109/TNNLS.2021.3084827},
  eventtitle = {{{IEEE Transactions}} on {{Neural Networks}} and {{Learning Systems}}}
}

@article{Li.Liu.ea2023,
  title = {A Knowledge-Based Approach for Estimating the Distribution of Urban Mixed Land Use},
  author = {Li, Jing and Liu, Haiyan and Li, Jia and Chen, Xiaohui and Tao, Zekun},
  date = {2023},
  journaltitle = {International Journal of Digital Earth},
  volume = {16},
  number = {1},
  pages = {965--987},
  publisher = {Taylor \& Francis},
  doi = {10.1080/17538947.2023.2184512}
}

@article{Li.Zech.ea2021,
  title = {Automatic Mapping of National Surface Water with {{OpenStreetMap}} and {{Sentinel-2 MSI}} Data Using Deep Learning},
  author = {Li, Hao and Zech, Johannes and Ludwig, Christina and Fendrich, Sascha and Shapiro, Aurelie and Schultz, Michael and Zipf, Alexander},
  date = {2021},
  journaltitle = {International Journal of Applied Earth Observation and Geoinformation},
  volume = {104},
  pages = {102571},
  doi = {10.1016/j.jag.2021.102571}
}

@inproceedings{Li.Zhang.ea2017,
  title = {An {{Experimental Study}} on {{Deep Learning Based}} on {{Different Hardware Configurations}}},
  booktitle = {2017 {{International Conference}} on {{Networking}}, {{Architecture}}, and {{Storage}} ({{NAS}})},
  author = {Li, Jingjun and Zhang, Chen and Cao, Qiang and Qi, Chuanyi and Huang, Jianzhong and Xie, Changsheng},
  date = {2017},
  pages = {1--6},
  doi = {10.1109/NAS.2017.8026843},
  eventtitle = {2017 {{International Conference}} on {{Networking}}, {{Architecture}}, and {{Storage}} ({{NAS}})}
}

@article{Li.Zhao.ea2022,
  title = {Global {{DEMs}} Vary from One to Another: An Evaluation of Newly Released {{Copernicus}}, {{NASA}} and {{AW3D30 DEM}} on Selected Terrains of {{China}} Using {{ICESat-2}} Altimetry Data},
  author = {Li, Hui and Zhao, Jiayang and Yan, Bingqi and Yue, Linwei and Wang, Lunche},
  date = {2022},
  journaltitle = {International Journal of Digital Earth},
  volume = {15},
  number = {1},
  pages = {1149--1168},
  publisher = {Taylor \& Francis},
  doi = {10.1080/17538947.2022.2094002}
}

@article{Li.Zheng.ea2022,
  title = {Land Cover Classification from Remote Sensing Images Based on Multi-Scale Fully Convolutional Network},
  author = {Li, Rui and Zheng, Shunyi and Duan, Chenxi and Wang, Libo and Zhang, Ce},
  date = {2022},
  journaltitle = {Geo-spatial Information Science},
  volume = {25},
  number = {2},
  pages = {278--294},
  publisher = {Taylor \& Francis},
  doi = {10.1080/10095020.2021.2017237}
}

@article{Li2020,
  title = {{{GeoAI}}: {{Where}} Machine Learning and Big Data Converge in {{GIScience}}},
  author = {Li, Wenwen},
  date = {2020-06-30},
  journaltitle = {Journal of Spatial Information Science},
  number = {20},
  pages = {71--77},
  url = {https://josis.org/index.php/josis/article/view/116},
  urldate = {2024-04-02},
  issue = {20}
}

@online{LightningAI2024,
  title = {{{PyTorch Lightning}}},
  author = {{Lightning AI}},
  date = {2024},
  url = {https://lightning.ai/pytorch-lightning},
  urldate = {2024-06-25}
}

@article{Lin.Cheng.ea2023,
  title = {Semantic {{Segmentation}} of {{China}}’s {{Coastal Wetlands Based}} on {{Sentinel-2}} and {{Segformer}}},
  author = {Lin, Xufeng and Cheng, Youwei and Chen, Gong and Chen, Wenjing and Chen, Rong and Gao, Demin and Zhang, Yinlong and Wu, Yongbo},
  date = {2023},
  journaltitle = {Remote Sensing},
  volume = {15},
  number = {15},
  pages = {3714},
  publisher = {Multidisciplinary Digital Publishing Institute},
  doi = {10.3390/rs15153714},
  issue = {15}
}

@inproceedings{Liu.Lin.ea2021,
  title = {Swin {{Transformer}}: {{Hierarchical Vision Transformer}} Using {{Shifted Windows}}},
  booktitle = {2021 {{IEEE}}/{{CVF International Conference}} on {{Computer Vision}} ({{ICCV}})},
  author = {Liu, Ze and Lin, Yutong and Cao, Yue and Hu, Han and Wei, Yixuan and Zhang, Zheng and Lin, Stephen and Guo, Baining},
  date = {2021},
  pages = {9992--10002},
  doi = {10.1109/ICCV48922.2021.00986},
  eventtitle = {2021 {{IEEE}}/{{CVF International Conference}} on {{Computer Vision}} ({{ICCV}})}
}

@article{Liu.Wang.ea2024,
  title = {{{SemanticFormer}}: {{Hyperspectral}} Image Classification via Semantic Transformer},
  author = {Liu, Yan and Wang, Xixi and Jiang, Bo and Chen, Lan and Luo, Bin},
  date = {2024-03-01},
  journaltitle = {Pattern Recognition Letters},
  volume = {179},
  pages = {1--8},
  doi = {10.1016/j.patrec.2023.12.023}
}

@article{Liu.Yu.ea2018,
  title = {Understanding the Effective Receptive Field in Semantic Image Segmentation},
  author = {Liu, Yongge and Yu, Jianzhuang and Han, Yahong},
  date = {2018},
  journaltitle = {Multimedia Tools and Applications},
  volume = {77},
  number = {17},
  pages = {22159--22171},
  doi = {10.1007/s11042-018-5704-3}
}

@article{Liu.Zhang.ea2024,
  title = {A {{Survey}} of {{Visual Transformers}}},
  author = {Liu, Yang and Zhang, Yao and Wang, Yixin and Hou, Feng and Yuan, Jin and Tian, Jiang and Zhang, Yang and Shi, Zhongchao and Fan, Jianping and He, Zhiqiang},
  date = {2024},
  journaltitle = {IEEE Transactions on Neural Networks and Learning Systems},
  volume = {35},
  number = {6},
  pages = {7478--7498},
  doi = {10.1109/TNNLS.2022.3227717}
}

@article{Lo2023,
  title = {What {{Is}} the {{Impact}} of {{ChatGPT}} on {{Education}}? {{A Rapid Review}} of the {{Literature}}},
  author = {Lo, Chung Kwan},
  date = {2023-04},
  journaltitle = {Education Sciences},
  volume = {13},
  number = {4},
  pages = {410},
  publisher = {Multidisciplinary Digital Publishing Institute},
  doi = {10.3390/educsci13040410},
  issue = {4}
}

@inproceedings{Long.Shelhamer.ea2015,
  title = {Fully Convolutional Networks for Semantic Segmentation},
  booktitle = {{{IEEE Conference}} on {{Computer Vision}} and {{Pattern Recognition}} ({{CVPR}} 2015)},
  author = {Long, Jonathan and Shelhamer, Evan and Darrell, Trevor},
  date = {2015},
  pages = {3431--3440},
  doi = {10.1109/CVPR.2015.7298965},
  eventtitle = {{{IEEE Conference}} on {{Computer Vision}} and {{Pattern Recognition}} ({{CVPR}} 2015)}
}

@article{Lou.Al-qaness.ea2024,
  title = {Land Use/Land Cover ({{LULC}}) Classification Using Hyperspectral Images: A Review},
  author = {Lou, Chen and Al-qaness, Mohammed A. A. and AL-Alimi, Dalal and Dahou, Abdelghani and Abd Elaziz, Mohamed and Abualigah, Laith and Ewees, Ahmed A.},
  date = {2024},
  journaltitle = {Geo-spatial Information Science},
  pages = {1--42},
  publisher = {Taylor \& Francis},
  doi = {10.1080/10095020.2024.2332638}
}

@article{Ludwig.Fendrich.ea2021,
  title = {Regional Variations of Context-Based Association Rules in {{OpenStreetMap}}},
  author = {Ludwig, Christina and Fendrich, Sascha and Zipf, Alexander},
  date = {2021},
  journaltitle = {Transactions in GIS},
  volume = {25},
  number = {2},
  pages = {602--621},
  doi = {10.1111/tgis.12694}
}

@article{Ludwig.Hecht.ea2021,
  title = {Mapping {{Public Urban Green Spaces Based}} on {{OpenStreetMap}} and {{Sentinel-2 Imagery Using Belief Functions}}},
  author = {Ludwig, Christina and Hecht, Robert and Lautenbach, Sven and Schorcht, Martin and Zipf, Alexander},
  date = {2021-04},
  journaltitle = {ISPRS International Journal of Geo-Information},
  volume = {10},
  number = {4},
  pages = {251},
  publisher = {Multidisciplinary Digital Publishing Institute},
  doi = {10.3390/ijgi10040251},
  issue = {4}
}

@article{Ludwig.Psotta.ea2023,
  title = {Traffic {{Speed Modelling}} to {{Improve Travel Time Estimation}} in {{OpenRouteService}}},
  author = {Ludwig, C. and Psotta, J. and Buch, A. and Kolaxidis, N. and Fendrich, S. and Zia, M. and Fürle, J. and Rousell, A. and Zipf, A.},
  date = {2023},
  journaltitle = {The International Archives of the Photogrammetry, Remote Sensing and Spatial Information Sciences},
  volume = {XLVIII-4-W7-2023},
  pages = {109--116},
  publisher = {Copernicus GmbH},
  doi = {10.5194/isprs-archives-XLVIII-4-W7-2023-109-2023},
  eventtitle = {{{ISPRS ICWG IV}}/{{III}}/{{II}}{$<$}br{$>$}{{Free}} and {{Open Source Software}} for {{Geospatial}} ({{FOSS4G}}) 2023 – {{Academic Track}} - 26 {{June}}\&ndash;2 {{July}} 2023, {{Prizren}}, {{Kosovo}}}
}

@inproceedings{Luo.Li.ea2017,
  title = {Understanding the {{Effective Receptive Field}} in {{Deep Convolutional Neural Networks}}},
  booktitle = {29th {{Conference}} on {{Neural Information Processing Systems}} ({{NIPS}} 2016)},
  author = {Luo, Wenjie and Li, Yujia and Urtasun, Raquel and Zemel, Richard},
  date = {2017},
  publisher = {arXiv},
  location = {Barcelona, Spain},
  url = {http://arxiv.org/abs/1701.04128},
  urldate = {2024-07-15},
  eventtitle = {29th {{Conference}} on {{Neural Information Processing Systems}} ({{NIPS}} 2016)}
}

@online{Luong.Pham.ea2015,
  title = {Effective {{Approaches}} to {{Attention-based Neural Machine Translation}}},
  author = {Luong, Minh-Thang and Pham, Hieu and Manning, Christopher D.},
  date = {2015-09-20},
  number = {arXiv:1508.04025},
  doi = {10.48550/arXiv.1508.04025}
}

@article{Ma.Chen.ea2023,
  title = {{{OSMsc}}: A Framework for Semantic {{3D}} City Modeling Using {{OpenStreetMap}}},
  author = {Ma, Rui and Chen, Jiayu and Yang, Chendi and Li, Xin},
  date = {2023},
  journaltitle = {International Journal of Geographical Information Science},
  volume = {0},
  number = {0},
  pages = {1--26},
  publisher = {Taylor \& Francis},
  doi = {10.1080/13658816.2023.2266824}
}

@article{Ma.Liu.ea2019,
  title = {Deep Learning in Remote Sensing Applications: {{A}} Meta-Analysis and Review},
  author = {Ma, Lei and Liu, Yu and Zhang, Xueliang and Ye, Yuanxin and Yin, Gaofei and Johnson, Brian Alan},
  date = {2019},
  journaltitle = {ISPRS Journal of Photogrammetry and Remote Sensing},
  volume = {152},
  pages = {166--177},
  doi = {10.1016/j.isprsjprs.2019.04.015}
}

@article{Mai.Janowicz.ea2022,
  title = {A Review of Location Encoding for {{GeoAI}}: Methods and Applications},
  author = {Mai, Gengchen and Janowicz, Krzysztof and Hu, Yingjie and Gao, Song and Yan, Bo and Zhu, Rui and Cai, Ling and Lao, Ni},
  date = {2022-04-03},
  journaltitle = {International Journal of Geographical Information Science},
  volume = {36},
  number = {4},
  pages = {639--673},
  publisher = {Taylor \& Francis},
  doi = {10.1080/13658816.2021.2004602}
}

@inproceedings{Majic.Winter.ea2017,
  title = {Finding Equivalent Keys in Openstreetmap: Semantic Similarity Computation Based on Extensional Definitions},
  booktitle = {Proceedings of the 1st {{Workshop}} on {{Artificial Intelligence}} and {{Deep Learning}} for {{Geographic Knowledge Discovery}}},
  author = {Majic, Ivan and Winter, Stephan and Tomko, Martin},
  date = {2017},
  series = {{{GeoAI}} '17},
  pages = {24--32},
  publisher = {Association for Computing Machinery},
  location = {New York, NY, USA},
  doi = {10.1145/3149808.3149813},
  isbn = {978-1-4503-5498-1}
}

@online{mamatv2021,
  type = {Forum post},
  title = {How to Interpret Loss and Accuracy for a Machine Learning Model},
  author = {{mamatv}},
  date = {2021-02-10},
  url = {https://stackoverflow.com/q/34518656},
  urldate = {2024-07-06},
  organization = {Stack Overflow}
}

@online{Mannheim2024,
  title = {Mannheim in Zahlen},
  author = {{City of Mannheim}},
  date = {2024},
  url = {https://www.mannheim.de/de/wirtschaft-entwickeln/wirtschaftsstandort/mannheim-in-zahlen},
  urldate = {2024-06-04}
}

@inproceedings{Mao.Mohri.ea2023,
  title = {Cross-{{Entropy Loss Functions}}: {{Theoretical Analysis}} and {{Applications}}},
  booktitle = {Proceedings of the 40th {{International Conference}} on {{Machine Learning}}},
  author = {Mao, Anqi and Mohri, Mehryar and Zhong, Yutao},
  date = {2023},
  pages = {23803--23828},
  publisher = {PMLR},
  url = {https://proceedings.mlr.press/v202/mao23b.html},
  urldate = {2024-06-26},
  eventtitle = {International {{Conference}} on {{Machine Learning}}}
}

@online{Mapzen2024,
  title = {Terrain {{Tiles}} - {{Registry}} of {{Open Data}} on {{AWS}}},
  author = {{Mapzen}},
  date = {2024},
  url = {https://registry.opendata.aws/terrain-tiles/},
  urldate = {2024-06-16}
}

@article{Marshall.Gil.ea2018,
  title = {Street {{Network Studies}}: From {{Networks}} to {{Models}} and Their {{Representations}}},
  author = {Marshall, Stephen and Gil, Jorge and Kropf, Karl and Tomko, Martin and Figueiredo, Lucas},
  date = {2018},
  journaltitle = {Networks and Spatial Economics},
  volume = {18},
  number = {3},
  pages = {735--749},
  doi = {10.1007/s11067-018-9427-9}
}

@incollection{Mas.Garcia-Alvarez.ea2022,
  title = {Metrics {{Based}} on a {{Cross-Tabulation Matrix}} to {{Validate Land Use Cover Maps}}},
  booktitle = {Land {{Use Cover Datasets}} and {{Validation Tools}}: {{Validation Practices}} with {{QGIS}}},
  author = {Mas, Jean-François and García-Álvarez, David and Paegelow, Martin and Domínguez-Vera, Roberto and Castillo-Santiago, Miguel Ángel},
  editor = {García-Álvarez, David and Camacho Olmedo, María Teresa and Paegelow, Martin and Mas, Jean François},
  date = {2022},
  pages = {127--151},
  publisher = {Springer International Publishing},
  location = {Cham},
  doi = {10.1007/978-3-030-90998-7_8},
  isbn = {978-3-030-90998-7}
}

@online{Matani2023,
  title = {Efficient {{Image Segmentation Using PyTorch}}: {{Part}} 1},
  author = {Matani, Dhruv},
  date = {2023-06-27T06:10:37},
  url = {https://towardsdatascience.com/efficient-image-segmentation-using-pytorch-part-1-89e8297a0923},
  urldate = {2024-02-26},
  organization = {Medium}
}

@article{McCutchan.Comber.ea2021,
  title = {Semantic {{Boosting}}: {{Enhancing Deep Learning Based LULC Classification}}},
  author = {Mc Cutchan, Marvin and Comber, Alexis J. and Giannopoulos, Ioannis and Canestrini, Manuela},
  date = {2021-01},
  journaltitle = {Remote Sensing},
  volume = {13},
  number = {16},
  pages = {3197},
  publisher = {Multidisciplinary Digital Publishing Institute},
  doi = {10.3390/rs13163197},
  issue = {16}
}

@online{Mehlin.Schacht.ea2023,
  title = {Towards Energy-Efficient {{Deep Learning}}: {{An}} Overview of Energy-Efficient Approaches along the {{Deep Learning Lifecycle}}},
  author = {Mehlin, Vanessa and Schacht, Sigurd and Lanquillon, Carsten},
  date = {2023},
  doi = {10.48550/arXiv.2303.01980}
}

@article{Mi.Chen2020,
  title = {Superpixel-Enhanced Deep Neural Forest for Remote Sensing Image Semantic Segmentation},
  author = {Mi, Li and Chen, Zhenzhong},
  date = {2020},
  journaltitle = {ISPRS Journal of Photogrammetry and Remote Sensing},
  volume = {159},
  pages = {140--152},
  doi = {10.1016/j.isprsjprs.2019.11.006}
}

@software{Microsoft2024,
  title = {Road {{Detections}}},
  author = {{Microsoft}},
  date = {2024},
  url = {https://github.com/microsoft/RoadDetections},
  urldate = {2024-05-24},
  organization = {Microsoft}
}

@article{Minaee.Boykov.ea2022,
  title = {Image {{Segmentation Using Deep Learning}}: {{A Survey}}},
  author = {Minaee, Shervin and Boykov, Yuri and Porikli, Fatih and Plaza, Antonio and Kehtarnavaz, Nasser and Terzopoulos, Demetri},
  date = {2022-07},
  journaltitle = {IEEE Transactions on Pattern Analysis and Machine Intelligence},
  volume = {44},
  number = {7},
  pages = {3523--3542},
  doi = {10.1109/TPAMI.2021.3059968},
  eventtitle = {{{IEEE Transactions}} on {{Pattern Analysis}} and {{Machine Intelligence}}}
}

@article{Minghini.Frassinelli2019,
  title = {{{OpenStreetMap}} History for Intrinsic Quality Assessment: {{Is OSM}} up-to-Date?},
  author = {Minghini, Marco and Frassinelli, Francesco},
  date = {2019},
  journaltitle = {Open Geospatial Data, Software and Standards},
  volume = {4},
  number = {1},
  pages = {9},
  doi = {10.1186/s40965-019-0067-x}
}

@online{MissingMaps2024,
  title = {Missing {{Maps}}},
  author = {{Missing Maps}},
  date = {2024},
  url = {https://www.missingmaps.org/},
  urldate = {2024-06-17}
}

@inproceedings{Mnih.Hinton2010,
  title = {Learning to {{Detect Roads}} in {{High-Resolution Aerial Images}}},
  booktitle = {Computer {{Vision}} – {{ECCV}} 2010},
  author = {Mnih, Volodymyr and Hinton, Geoffrey E.},
  editor = {Daniilidis, Kostas and Maragos, Petros and Paragios, Nikos},
  date = {2010},
  pages = {210--223},
  publisher = {Springer},
  location = {Berlin, Heidelberg},
  doi = {10.1007/978-3-642-15567-3_16},
  isbn = {978-3-642-15567-3}
}

@article{Mo.Wu.ea2022,
  title = {Review the State-of-the-Art Technologies of Semantic Segmentation Based on Deep Learning},
  author = {Mo, Yujian and Wu, Yan and Yang, Xinneng and Liu, Feilin and Liao, Yujun},
  date = {2022},
  journaltitle = {Neurocomputing},
  volume = {493},
  pages = {626--646},
  doi = {10.1016/j.neucom.2022.01.005}
}

@article{Mocnik.Zipf.ea2017,
  title = {The {{OpenStreetMap}} Folksonomy and Its Evolution},
  author = {Mocnik, Franz-Benjamin and Zipf, Alexander and Raifer, Martin},
  date = {2017},
  journaltitle = {Geo-spatial Information Science},
  volume = {20},
  number = {3},
  pages = {219--230},
  publisher = {Taylor \& Francis},
  doi = {10.1080/10095020.2017.1368193}
}

@article{Mohammed.Kora2023,
  title = {A Comprehensive Review on Ensemble Deep Learning: {{Opportunities}} and Challenges},
  author = {Mohammed, Ammar and Kora, Rania},
  date = {2023},
  journaltitle = {Journal of King Saud University - Computer and Information Sciences},
  volume = {35},
  number = {2},
  pages = {757--774},
  doi = {10.1016/j.jksuci.2023.01.014}
}

@article{Moharram.Sundaram2023,
  title = {Land Use and Land Cover Classification with Hyperspectral Data: {{A}} Comprehensive Review of Methods, Challenges and Future Directions},
  author = {Moharram, Mohammed Abdulmajeed and Sundaram, Divya Meena},
  date = {2023},
  journaltitle = {Neurocomputing},
  volume = {536},
  pages = {90--113},
  doi = {10.1016/j.neucom.2023.03.025}
}

@article{Montazeri.Lilienthal.ea2021,
  title = {A Spatial Land Use Clustering Framework for Investigating the Role of Land Use in Mediating the Effect of Meteorology on Urban Air Quality},
  author = {Montazeri, Amir and Lilienthal, Achim J. and Albertson, John D.},
  date = {2021},
  journaltitle = {Atmospheric Environment: X},
  volume = {12},
  pages = {100126},
  doi = {10.1016/j.aeaoa.2021.100126}
}

@article{Moradi.Roche.ea2021,
  title = {Exploring Five Indicators for the Quality of {{OpenStreetMap}} Road Networks: A Case Study of {{Québec}}, {{Canada}}},
  author = {Moradi, Milad and Roche, Stéphane and Mostafavi, Mir Abolfazl},
  date = {2021},
  journaltitle = {Geomatica},
  volume = {75},
  number = {4},
  pages = {178--208},
  publisher = {NRC Research Press},
  doi = {10.1139/geomat-2021-0012}
}

@article{Murtagh.Legendre2014,
  title = {Ward’s {{Hierarchical Agglomerative Clustering Method}}: {{Which Algorithms Implement Ward}}’s {{Criterion}}?},
  author = {Murtagh, Fionn and Legendre, Pierre},
  date = {2014},
  journaltitle = {Journal of Classification},
  volume = {31},
  number = {3},
  pages = {274--295},
  doi = {10.1007/s00357-014-9161-z}
}

@article{Naik.Blumenthal.ea2019,
  title = {Semantic Mapping Extension for {{OpenStreetMap}} Applied to Indoor Robot Navigation},
  author = {Naik, Lakshadeep and Blumenthal, Sebastian and Huebel, Nico and Bruyninckx, Herman and Prassler, Erwin},
  date = {2019-05},
  journaltitle = {2019 International Conference on Robotics and Automation (ICRA)},
  pages = {3839--3845},
  publisher = {IEEE},
  location = {Montreal, QC, Canada},
  doi = {10.1109/ICRA.2019.8793641},
  eventtitle = {2019 {{International Conference}} on {{Robotics}} and {{Automation}} ({{ICRA}})},
  isbn = {9781538660270}
}

@article{Naushad.Kaur.ea2021,
  title = {Deep {{Transfer Learning}} for {{Land Use}} and {{Land Cover Classification}}: {{A Comparative Study}}},
  author = {Naushad, Raoof and Kaur, Tarunpreet and Ghaderpour, Ebrahim},
  date = {2021-12-03},
  journaltitle = {Sensors},
  volume = {21},
  number = {23},
  pages = {8083},
  doi = {10.3390/s21238083}
}

@software{Naushad2024,
  title = {Raoofnaushad/{{EuroSAT}}\_{{LULC}}},
  author = {Naushad, Raoof},
  date = {2024-02-26T22:06:14Z},
  origdate = {2021-09-27T17:55:52Z},
  url = {https://github.com/raoofnaushad/EuroSAT_LULC},
  urldate = {2024-02-26}
}

@article{Neis.Goetz.ea2012,
  title = {Towards {{Automatic Vandalism Detection}} in {{OpenStreetMap}}},
  author = {Neis, Pascal and Goetz, Marcus and Zipf, Alexander},
  date = {2012},
  journaltitle = {ISPRS International Journal of Geo-Information},
  volume = {1},
  number = {3},
  pages = {315--332},
  publisher = {Multidisciplinary Digital Publishing Institute},
  doi = {10.3390/ijgi1030315},
  issue = {3}
}

@article{Neis.Zielstra.ea2012,
  title = {The {{Street Network Evolution}} of {{Crowdsourced Maps}}: {{OpenStreetMap}} in {{Germany}} 2007–2011},
  author = {Neis, Pascal and Zielstra, Dennis and Zipf, Alexander},
  date = {2012},
  journaltitle = {Future Internet},
  volume = {4},
  pages = {1--21},
  doi = {10.3390/fi4010001}
}

@online{NeptuneLabs2024,
  title = {Neptune.Ai - {{The MLOps}} Stack Component for Experiment Tracking},
  author = {{Neptune Labs}},
  date = {2024},
  url = {https://neptune.ai/},
  urldate = {2024-06-17},
  organization = {neptune.ai}
}

@article{Netrapalli2019,
  title = {Stochastic {{Gradient Descent}} and {{Its Variants}} in {{Machine Learning}}},
  author = {Netrapalli, Praneeth},
  date = {2019},
  journaltitle = {Journal of the Indian Institute of Science},
  volume = {99},
  number = {2},
  pages = {201--213},
  doi = {10.1007/s41745-019-0098-4}
}

@article{Newell.Tiesinga2019,
  title = {The {{International System}} of {{Units}} ({{SI}}), 2019 {{Edition}}},
  author = {Newell, David and Tiesinga, Eite},
  date = {2019},
  journaltitle = {NIST},
  publisher = {David Newell, Eite Tiesinga},
  url = {https://www.nist.gov/publications/international-system-units-si-2019-edition},
  urldate = {2024-06-09}
}

@book{Nielsen2015,
  title = {Neural {{Networks}} and {{Deep Learning}}},
  author = {Nielsen, Michael A.},
  date = {2015},
  publisher = {Determination Press}
}

@inproceedings{Noh.Hong.ea2015,
  title = {Learning {{Deconvolution Network}} for {{Semantic Segmentation}}},
  booktitle = {Proceedings of the {{IEEE International Conference}} on {{Computer Vision}} ({{ICCV}} 2015)},
  author = {Noh, Hyeonwoo and Hong, Seunghoon and Han, Bohyung},
  date = {2015},
  pages = {1520--1528},
  doi = {10.48550/arXiv.1505.04366},
  eventtitle = {Proceedings of the {{IEEE International Conference}} on {{Computer Vision}} ({{ICCV}} 2015)}
}

@inproceedings{Novack.Voss.ea2018,
  title = {Associating {{OpenStreetMap}} Tags to {{CORINE}} Land-Cover Classes Using Text and Semantic Similarity Measures.},
  author = {Novack, T and Voss, J and Schultz, M and Zipf, Alex},
  date = {2018},
  location = {Lund, Sweden},
  url = {https://www.cs.nuim.ie/~pmooney/vgi-alive2018/},
  eventtitle = {{{VGI-ALIVE Workshop}} at {{AGILE}} 2018}
}

@online{NVIDIACorporation2024,
  title = {{{CUDA Zone}}},
  author = {{NVIDIA Corporation}},
  date = {2024},
  url = {https://developer.nvidia.com/cuda-zone},
  urldate = {2024-06-24}
}

@inproceedings{Ongsulee2017,
  title = {Artificial Intelligence, Machine Learning and Deep Learning},
  booktitle = {2017 15th {{International Conference}} on {{ICT}} and {{Knowledge Engineering}} ({{ICT}}\&{{KE}})},
  author = {Ongsulee, Pariwat},
  date = {2017},
  pages = {1--6},
  doi = {10.1109/ICTKE.2017.8259629},
  eventtitle = {2017 15th {{International Conference}} on {{ICT}} and {{Knowledge Engineering}} ({{ICT}}\&{{KE}})}
}

@inproceedings{Onim.Ehtesham.ea2020,
  title = {{{LULC}} Classification by Semantic Segmentation of Satellite Images Using {{FastFCN}}},
  booktitle = {2020 2nd {{International Conference}} on {{Advanced Information}} and {{Communication Technology}} ({{ICAICT}})},
  author = {Onim, Md. Saif Hassan and Ehtesham, Aiman Rafeed Bin and Anbar, Amreen and Nazrul Islam, A. K. M. and Mahbubur Rahman, A. K. M.},
  date = {2020-11},
  pages = {471--475},
  doi = {10.1109/ICAICT51780.2020.9333522},
  eventtitle = {2020 2nd {{International Conference}} on {{Advanced Information}} and {{Communication Technology}} ({{ICAICT}})}
}

@online{ONNX.ai2024,
  title = {{{ONNX Concepts}}},
  author = {{ONNX.ai}},
  date = {2024},
  url = {https://onnx.ai/onnx/intro/concepts.html},
  urldate = {2024-01-29}
}

@software{OpenAI2022,
  title = {{{ChatGPT}}},
  author = {{OpenAI}},
  date = {2022},
  url = {https://chatgpt.com},
  urldate = {2024-05-24}
}

@online{OSMFoundation2024,
  title = {{{OSM Taginfo}}},
  author = {{OSM Foundation}},
  date = {2024},
  url = {https://taginfo.openstreetmap.org/about},
  urldate = {2024-06-12}
}

@online{OSMTaginfo2024,
  title = {Highway Key},
  author = {{OSM Taginfo}},
  date = {2024},
  url = {https://taginfo.openstreetmap.org/keys/highway?filter=ways#values},
  urldate = {2024-05-05}
}

@online{OSMWiki2024,
  title = {Elements},
  author = {{OSM Wiki}},
  date = {2024},
  url = {https://wiki.openstreetmap.org/wiki/Elements},
  urldate = {2024-06-10}
}

@online{OSMWiki2024a,
  title = {Key: Maxspeed},
  author = {{OSM Wiki}},
  date = {2024},
  url = {https://wiki.openstreetmap.org/wiki/Key:maxspeed},
  urldate = {2024-05-29}
}

@online{OSMWiki2024b,
  title = {Routing/{{Access Restrictions}}},
  author = {{OSM Wiki}},
  date = {2024},
  url = {https://wiki.openstreetmap.org/wiki/OSM_tags_for_routing/Access_restrictions#Sweden},
  urldate = {2024-05-04}
}

@online{OSMWiki2024f,
  title = {Default Speed Limits},
  author = {{OSM Wiki}},
  date = {2024},
  url = {https://wiki.openstreetmap.org/wiki/Default_speed_limits},
  urldate = {2024-06-15}
}

@inproceedings{Pan.Ge.ea2022,
  title = {On the {{Integration}} of {{Self-Attention}} and {{Convolution}}},
  booktitle = {{{IEEE Conference}} on {{Computer Vision}} and {{Pattern Recognition}} ({{CVPR}} 2022)},
  author = {Pan, Xuran and Ge, Chunjiang and Lu, Rui and Song, Shiji and Chen, Guanfu and Huang, Zeyi and Huang, Gao},
  date = {2022},
  pages = {815--825},
  doi = {10.48550/arXiv.2111.14556},
  eventtitle = {{{IEEE Conference}} on {{Computer Vision}} and {{Pattern Recognition}} ({{CVPR}} 2022)}
}

@inproceedings{Park.Kim2022,
  title = {How {{Do Vision Transformers Work}}?},
  booktitle = {10th {{International Conference}} for {{Learning Representations}} ({{ICLR}} 2022)},
  author = {Park, Namuk and Kim, Songkuk},
  date = {2022},
  doi = {10.48550/arXiv.2202.06709},
  eventtitle = {10th {{International Conference}} for {{Learning Representations}} ({{ICLR}} 2022)}
}

@article{Patriarca.Fonte.ea2019,
  title = {Automatic Conversion of {{OSM}} Data into {{LULC}} Maps: Comparing {{FOSS4G}} Based Approaches towards an Enhanced Performance},
  author = {Patriarca, J. and Fonte, C. C. and Estima, J. and family=Almeida, given=J.-P., prefix=de, useprefix=true and Cardoso, A.},
  date = {2019-10-01},
  journaltitle = {Open Geospatial Data, Software and Standards},
  volume = {4},
  number = {1},
  pages = {11},
  doi = {10.1186/s40965-019-0070-2}
}

@article{Petrakis.Norman.ea2021,
  title = {Hierarchical {{Clustering}} for {{Paired Watershed Experiments}}: {{Case Study}} in {{Southeastern Arizona}}, {{U}}.{{S}}.{{A}}.},
  author = {Petrakis, Roy E. and Norman, Laura M. and Vaughn, Kurt and Pritzlaff, Richard and Weaver, Caleb and Rader, Audrey and Pulliam, H. Ronald},
  date = {2021-01},
  journaltitle = {Water},
  volume = {13},
  number = {21},
  pages = {2955},
  publisher = {Multidisciplinary Digital Publishing Institute},
  doi = {10.3390/w13212955},
  issue = {21}
}

@article{Potdar.Pardawala.ea2017,
  title = {A {{Comparative Study}} of {{Categorical Variable Encoding Techniques}} for {{Neural Network Classifiers}}},
  author = {Potdar, Kedar and Pardawala, Taher and Pai, Chinmay},
  date = {2017},
  journaltitle = {International Journal of Computer Applications},
  volume = {175},
  pages = {7--9},
  doi = {10.5120/ijca2017915495}
}

@software{PowerAPI2024,
  title = {{{pyJoules}}},
  author = {{PowerAPI}},
  date = {2024},
  url = {https://pyjoules.readthedocs.io/en/latest/},
  urldate = {2024-06-09},
  version = {0.5.1}
}

@article{Powers.Ailab2011,
  title = {Evaluation: {{From}} Precision, Recall and {{F-measure}} to {{ROC}}, Informedness, Markedness \& Correlation},
  author = {Powers, David and {Ailab}},
  date = {2011},
  journaltitle = {J. Mach. Learn. Technol},
  volume = {2},
  pages = {2229--3981},
  doi = {10.9735/2229-3981}
}

@article{Qi.Wu.ea2015,
  title = {Land-{{Use Scene Classification}} in {{High-Resolution Remote Sensing Images Using Improved Correlatons}}},
  author = {Qi, Kunlun and Wu, Huayi and Shen, Chen and Gong, Jianya},
  date = {2015-12},
  journaltitle = {IEEE Geoscience and Remote Sensing Letters},
  volume = {12},
  number = {12},
  pages = {2403--2407},
  doi = {10.1109/LGRS.2015.2478966},
  eventtitle = {{{IEEE Geoscience}} and {{Remote Sensing Letters}}}
}

@inproceedings{Rahman.Wang2016,
  title = {Optimizing {{Intersection-Over-Union}} in {{Deep Neural Networks}} for {{Image Segmentation}}},
  booktitle = {Advances in {{Visual Computing}}},
  author = {Rahman, Md Atiqur and Wang, Yang},
  editor = {Bebis, George and Boyle, Richard and Parvin, Bahram and Koracin, Darko and Porikli, Fatih and Skaff, Sandra and Entezari, Alireza and Min, Jianyuan and Iwai, Daisuke and Sadagic, Amela and Scheidegger, Carlos and Isenberg, Tobias},
  date = {2016},
  series = {Lecture {{Notes}} in {{Computer Science}}},
  pages = {234--244},
  publisher = {Springer International Publishing},
  location = {Cham},
  doi = {10.1007/978-3-319-50835-1_22},
  isbn = {978-3-319-50835-1}
}

@article{Raifer.Troilo.ea2019,
  title = {{{OSHDB}}: A Framework for Spatio-Temporal Analysis of {{OpenStreetMap}} History Data},
  author = {Raifer, Martin and Troilo, Rafael and Kowatsch, Fabian and Auer, Michael and Loos, Lukas and Marx, Sabrina and Przybill, Katharina and Fendrich, Sascha and Mocnik, Franz-Benjamin and Zipf, Alexander},
  date = {2019},
  journaltitle = {Open Geospatial Data, Software and Standards},
  volume = {4},
  number = {1},
  pages = {3},
  doi = {10.1186/s40965-019-0061-3}
}

@inproceedings{Rangaraj.ShobanaDevi.ea2022,
  title = {Efficient and {{Secure Storage}} for {{Renewable Energy Resource Data Using Parquet}} for {{Data Analytics}}},
  booktitle = {Data {{Management}}, {{Analytics}} and {{Innovation}}},
  author = {Rangaraj, A. G. and ShobanaDevi, A. and Srinath, Y. and Boopathi, K. and Balaraman, K.},
  editor = {Sharma, Neha and Chakrabarti, Amlan and Balas, Valentina Emilia and Bruckstein, Alfred M.},
  date = {2022},
  pages = {263--292},
  publisher = {Springer},
  location = {Singapore},
  doi = {10.1007/978-981-16-2937-2_19},
  isbn = {9789811629372}
}

@inproceedings{Rangel.Terven.ea2024,
  title = {Land {{Cover Image Classification}}},
  booktitle = {12th {{International Conference}} for {{Learning Representations}} ({{ICLR}} 2024)},
  author = {Rangel, Antonio and Terven, Juan and Cordova-Esparza, Diana M. and Chavez-Urbiola, E. A.},
  date = {2024},
  publisher = {arXiv},
  doi = {10.48550/arXiv.2401.09607},
  eventtitle = {12th {{International Conference}} for {{Learning Representations}} ({{ICLR}} 2024)}
}

@article{Reichstein.Camps-Valls.ea2019,
  title = {Deep Learning and Process Understanding for Data-Driven {{Earth}} System Science},
  author = {Reichstein, Markus and Camps-Valls, Gustau and Stevens, Bjorn and Jung, Martin and Denzler, Joachim and Carvalhais, Nuno and Prabhat},
  date = {2019-02},
  journaltitle = {Nature},
  volume = {566},
  number = {7743},
  pages = {195--204},
  doi = {10.1038/s41586-019-0912-1}
}

@article{Ren.Chen.ea2019,
  title = {A Hybrid Integrated Deep Learning Model for the Prediction of Citywide Spatio-Temporal Flow Volumes},
  author = {Ren, Yibin and Chen, Huanfa and Han, Yong and Cheng, T. and Zhang, Yang and Ge, Chen},
  date = {2019-08-14},
  journaltitle = {International Journal of Geographical Information Science},
  volume = {34},
  pages = {1--22},
  doi = {10.1080/13658816.2019.1652303}
}

@online{Rhein-Neckar-Kreis2024,
  title = {Landkreis},
  author = {{Rhein-Neckar-Kreis}},
  date = {2024},
  url = {https://www.rhein-neckar-kreis.de/start/landkreis.html},
  urldate = {2024-06-11}
}

@online{Rhine-Neckar2024,
  title = {Zahlen und Fakten über Rhein-Neckar},
  author = {{Rhine-Neckar Metropolitan Region}},
  date = {2024},
  url = {https://www.m-r-n.com/zahlen-und-fakten},
  urldate = {2024-06-04}
}

@book{Rodrigue2020,
  title = {The {{Geography}} of {{Transport Systems}}},
  author = {Rodrigue, Jean-Paul},
  date = {2020-05-29},
  edition = {5},
  publisher = {Routledge},
  location = {London},
  doi = {10.4324/9780429346323},
  isbn = {978-0-429-34632-3}
}

@inproceedings{Rolf.Klemmer.ea2024,
  title = {Mission {{Critical}} -- {{Satellite Data}} Is a {{Distinct Modality}} in {{Machine Learning}}},
  booktitle = {International {{Conference}} on {{Machine Learning}} ({{ICML}})(Opens in New Tab)},
  author = {Rolf, Esther and Klemmer, Konstantin and Robinson, Caleb and Kerner, Hannah},
  date = {2024},
  publisher = {arXiv},
  doi = {10.48550/arXiv.2402.01444},
  eventtitle = {International {{Conference}} on {{Machine Learning}} ({{ICML}})(Opens in New Tab)}
}

@article{Roscher.Russwurm.ea,
  title = {Data-{{Centric Machine Learning}} for {{Geospatial Remote Sensing Data}}},
  author = {Roscher, Ribana and Rußwurm, Marc and Gevaert, Caroline and Kampffmeyer, Michael}
}

@report{Rosenblatt1957,
  title = {The {{Perceptron}}, a {{Perceiving}} and {{Recognizing Automaton Project Para}}},
  author = {Rosenblatt, F.},
  date = {1957},
  institution = {Cornell Aeronautical Laboratory}
}

@article{Roumeliotis.Tselikas2023,
  title = {{{ChatGPT}} and {{Open-AI Models}}: {{A Preliminary Review}}},
  author = {Roumeliotis, Konstantinos I. and Tselikas, Nikolaos D.},
  date = {2023-06},
  journaltitle = {Future Internet},
  volume = {15},
  number = {6},
  pages = {192},
  publisher = {Multidisciplinary Digital Publishing Institute},
  doi = {10.3390/fi15060192},
  issue = {6}
}

@inproceedings{Santurkar.Tsipras.ea2018,
  title = {How {{Does Batch Normalization Help Optimization}}?},
  booktitle = {Advances in {{Neural Information Processing Systems}}},
  author = {Santurkar, Shibani and Tsipras, Dimitris and Ilyas, Andrew and Madry, Aleksander},
  date = {2018},
  volume = {31},
  publisher = {Curran Associates, Inc.},
  url = {https://proceedings.neurips.cc/paper_files/paper/2018/hash/905056c1ac1dad141560467e0a99e1cf-Abstract.html},
  urldate = {2024-07-02}
}

@article{Sarker2021,
  title = {Deep {{Learning}}: {{A Comprehensive Overview}} on {{Techniques}}, {{Taxonomy}}, {{Applications}} and {{Research Directions}}},
  author = {Sarker, Iqbal H.},
  date = {2021},
  journaltitle = {SN Computer Science},
  volume = {2},
  number = {6},
  pages = {420},
  doi = {10.1007/s42979-021-00815-1}
}

@incollection{Schott.Zell.ea2022,
  title = {Returning the Favor - {{Leveraging}} Quality Insights of {{OpenStreetMap-based}} Land-Use/Land-Cover Multi-Label Modeling to the Community},
  booktitle = {Proceedings of the {{Academic Track}} at {{State}} of the {{Map}} 2022},
  author = {Schott, Moritz and Zell, Adina and Lautenbach, Sven and Demir, Begüm and Zipf, Alexander},
  date = {2022},
  publisher = {Zenodo},
  doi = {10.5281/zenodo.7004593}
}

@incollection{Schott.Zell.ea2024,
  title = {Analyzing and {{Improving}} the {{Quality}} and {{Fitness}} for {{Purpose}} of {{OpenStreetMap}} as {{Labels}} in {{Remote Sensing Applications}}},
  booktitle = {Volunteered {{Geographic Information}}: {{Interpretation}}, {{Visualization}} and {{Social Context}}},
  author = {Schott, Moritz and Zell, Adina and Lautenbach, Sven and Sumbul, Gencer and Schultz, Michael and Zipf, Alexander and Demir, Begüm},
  editor = {Burghardt, Dirk and Demidova, Elena and Keim, Daniel A.},
  date = {2024},
  pages = {21--42},
  publisher = {Springer Nature Switzerland},
  location = {Cham},
  doi = {10.1007/978-3-031-35374-1_2},
  isbn = {978-3-031-35374-1}
}

@article{Schultz.Voss.ea2017,
  title = {Open Land Cover from {{OpenStreetMap}} and Remote Sensing},
  author = {Schultz, Michael and Voss, Janek and Auer, Michael and Carter, Sarah and Zipf, Alexander},
  date = {2017},
  journaltitle = {International Journal of Applied Earth Observation and Geoinformation},
  volume = {63},
  pages = {206--213},
  doi = {10.1016/j.jag.2017.07.014}
}

@thesis{Seger2018,
  title = {An Investigation of Categorical Variable Encoding Techniques in Machine Learning: Binary versus One-Hot and Feature Hashing},
  author = {Seger, Cedric},
  date = {2018},
  url = {https://urn.kb.se/resolve?urn=urn:nbn:se:kth:diva-237426},
  urldate = {2024-06-11}
}

@software{SentinelHub2024,
  title = {Sentinel {{Hub Process API}}},
  author = {{Sentinel Hub}},
  date = {2024},
  url = {https://sentinelhub-py.readthedocs.io/en/latest/examples/process_request.html},
  urldate = {2024-06-14}
}

@online{SentinelHub2024a,
  title = {{{DEM Data}}},
  author = {{Sentinel Hub}},
  date = {2024},
  url = {https://docs.sentinel-hub.com/api/latest/data/dem/},
  urldate = {2024-06-16}
}

@book{Serrano2021,
  title = {Grokking {{Machine Learning}}},
  author = {Serrano, Luis},
  date = {2021},
  publisher = {Manning},
  location = {Shelter Island},
  isbn = {978-1-61729-591-1}
}

@article{Sertel.Ekim.ea2022,
  title = {Land {{Use}} and {{Land Cover Mapping Using Deep Learning Based Segmentation Approaches}} and {{VHR Worldview-3 Images}}},
  author = {Sertel, Elif and Ekim, Burak and Ettehadi Osgouei, Paria and Kabadayi, M. Erdem},
  date = {2022-01},
  journaltitle = {Remote Sensing},
  volume = {14},
  number = {18},
  pages = {4558},
  publisher = {Multidisciplinary Digital Publishing Institute},
  doi = {10.3390/rs14184558},
  issue = {18}
}

@book{Shanmugamani2018,
  title = {Deep {{Learning}} for {{Computer Vision}}: {{Expert}} Techniques to Train Advanced Neural Networks Using {{TensorFlow}} and {{Keras}}},
  author = {Shanmugamani, Rajalingappaa},
  date = {2018},
  publisher = {Packt Publishing Ltd},
  isbn = {978-1-78829-335-8}
}

@inproceedings{Shinde.Shah2018,
  title = {A {{Review}} of {{Machine Learning}} and {{Deep Learning Applications}}},
  booktitle = {2018 {{Fourth International Conference}} on {{Computing Communication Control}} and {{Automation}} ({{ICCUBEA}})},
  author = {Shinde, Pramila P. and Shah, Seema},
  date = {2018},
  pages = {1--6},
  doi = {10.1109/ICCUBEA.2018.8697857},
  eventtitle = {2018 {{Fourth International Conference}} on {{Computing Communication Control}} and {{Automation}} ({{ICCUBEA}})}
}

@article{Simmonds.Adjei.ea2022,
  title = {Title: {{How}} Is Model-Related Uncertainty Quantified and Reported in Different Disciplines?},
  author = {Simmonds, Emily G and Adjei, Kwaku Peprah and Andersen, Christoffer Wold and Cathrin, Janne and Aspheim, Hetle and Battistin, Claudia and Bulso, Nicola and Christensen, Hannah and Cretois, Benjamin and Davidovich, Iván A and Dickel, Lisa and Dunn, Benjamin and Dunn-Sigouin, Etienne and Dyrstad, Karin and Einum, Sigurd and Giglio, Donata and Gjerløw, Haakon and Godefroidt, Amélie and González-Gil, Ricardo and Cogno, Gonzalo and Große, Fabian and Halloran, Paul and Jensen, Mari F and Kennedy, John James and Langs, Egge and Moe, Espen and Schröder, Tobias Navarro and Nunan, David and Parada, Jorge Sicacha and Simpson, Rae and Skarstein, Emma Sofie and Spensberger, Clemens and Stevens, Richard and Svendsen, Lea and Theisen, Ole Magnus and Watret, Connor and O’Hara, Robert B},
  date = {2022}
}

@article{Sitaula.Aryal.ea2021,
  title = {Content and Context Features for Scene Image Representation},
  author = {Sitaula, Chiranjibi and Aryal, Sunil and Xiang, Yong and Basnet, Anish and Lu, Xuequan},
  date = {2021},
  journaltitle = {Knowledge-Based Systems},
  volume = {232},
  pages = {107470},
  doi = {10.1016/j.knosys.2021.107470}
}

@article{Song.Kalacska.ea2023,
  title = {Advances in Geocomputation and Geospatial Artificial Intelligence ({{GeoAI}}) for Mapping},
  author = {Song, Yongze and Kalacska, Margaret and Gašparović, Mateo and Yao, Jing and Najibi, Nasser},
  date = {2023-06-01},
  journaltitle = {International Journal of Applied Earth Observation and Geoinformation},
  volume = {120},
  pages = {103300},
  doi = {10.1016/j.jag.2023.103300}
}

@online{spatial-dev.guru2022,
  title = {Rasterize Vector Data Using {{GeoPandas}} and {{GeoCube}}},
  author = {family=dev.guru, prefix=spatial-, useprefix=true},
  date = {2022-09-03T08:01:22+00:00},
  url = {https://spatial-dev.guru/2022/09/03/rasterize-vector-data-using-geopandas-and-geocube/},
  urldate = {2024-04-03},
  organization = {Spatial Dev Guru}
}

@article{Srivastava.Hinton.ea2014,
  title = {Dropout: A Simple Way to Prevent Neural Networks from Overfitting},
  author = {Srivastava, Nitish and Hinton, Geoffrey E. and Krizhevsky, A. and Sutskever, I. and Salakhutdinov, R.},
  date = {2014},
  journaltitle = {Journal of machine learning research},
  volume = {15},
  pages = {1929--1958},
  url = {https://dl.acm.org/doi/abs/10.5555/2627435.2670313}
}

@article{Srivastava.VargasMunoz.ea2019,
  title = {Understanding Urban Landuse from the above and Ground Perspectives: {{A}} Deep Learning, Multimodal Solution},
  author = {Srivastava, Shivangi and Vargas Muñoz, John and Tuia, Devis},
  date = {2019},
  journaltitle = {Remote Sensing of Environment},
  volume = {228},
  pages = {129--143},
  doi = {10.1016/j.rse.2019.04.014}
}

@online{Stewart.Robinson.ea2022,
  title = {{{TorchGeo}}: {{Deep Learning With Geospatial Data}}},
  author = {Stewart, Adam J. and Robinson, Caleb and Corley, Isaac A. and Ortiz, Anthony and Ferres, Juan M. Lavista and Banerjee, Arindam},
  date = {2022-09-17},
  number = {arXiv:2111.08872},
  url = {http://arxiv.org/abs/2111.08872},
  urldate = {2024-02-06},
  version = {4}
}

@inproceedings{Strubell.Ganesh.ea2019,
  title = {Energy and {{Policy Considerations}} for {{Deep Learning}} in {{NLP}}},
  booktitle = {Proceedings of the 57th {{Annual Meeting}} of the {{Association}} for {{Computational Linguistics}}},
  author = {Strubell, Emma and Ganesh, Ananya and McCallum, Andrew},
  date = {2019},
  pages = {3645--3650},
  publisher = {Association for Computational Linguistics},
  doi = {10.48550/arXiv.1906.02243},
  eventtitle = {Proceedings of the 57th {{Annual Meeting}} of the {{Association}} for {{Computational Linguistics}}}
}

@online{Strudel.Garcia.ea2021,
  title = {Segmenter: {{Transformer}} for {{Semantic Segmentation}}},
  author = {Strudel, Robin and Garcia, Ricardo and Laptev, Ivan and Schmid, Cordelia},
  date = {2021},
  number = {arXiv:2105.05633},
  doi = {10.48550/arXiv.2105.05633}
}

@article{Su.Guo.ea2020,
  title = {Sampling {{Strategy}} for {{Detailed Urban Land Use Classification}}: {{A Systematic Analysis}} in {{Shenzhen}}},
  author = {Su, Mo and Guo, Renzhong and Chen, Bin and Hong, Wuyang and Wang, Jiaqi and Feng, Yimei and Xu, Bing},
  date = {2020-01},
  journaltitle = {Remote Sensing},
  volume = {12},
  number = {9},
  pages = {1497},
  publisher = {Multidisciplinary Digital Publishing Institute},
  doi = {10.3390/rs12091497},
  issue = {9}
}

@book{Szeliski2022,
  title = {Computer {{Vision}}: {{Algorithms}} and {{Applications}}},
  author = {Szeliski, Richard},
  date = {2022},
  series = {Texts in {{Computer Science}}},
  publisher = {Springer International Publishing},
  location = {Cham},
  doi = {10.1007/978-3-030-34372-9},
  isbn = {978-3-030-34371-2 978-3-030-34372-9}
}

@article{Szeto.Jiang.ea2015,
  title = {A {{Sustainable Road Network Design Problem}} with {{Land Use Transportation Interaction}} over {{Time}}},
  author = {Szeto, W. Y. and Jiang, Y. and Wang, D. Z. W. and Sumalee, A.},
  date = {2015},
  journaltitle = {Networks and Spatial Economics},
  volume = {15},
  number = {3},
  pages = {791--822},
  doi = {10.1007/s11067-013-9191-9}
}

@article{Tao.Meng.ea2022,
  title = {{{MSNet}}: Multispectral Semantic Segmentation Network for Remote Sensing Images},
  author = {Tao, Chongxin and Meng, Yizhuo and Li, Junjie and Yang, Beibei and Hu, Fengmin and Li, Yuanxi and Cui, Changlu and Zhang, Wen},
  date = {2022},
  journaltitle = {GIScience \& Remote Sensing},
  volume = {59},
  number = {1},
  pages = {1177--1198},
  publisher = {Taylor \& Francis},
  doi = {10.1080/15481603.2022.2101728}
}

@article{ThanhNoi.Kappas2018,
  title = {Comparison of {{Random Forest}}, k-{{Nearest Neighbor}}, and {{Support Vector Machine Classifiers}} for {{Land Cover Classification Using Sentinel-2 Imagery}}},
  author = {Thanh Noi, Phan and Kappas, Martin},
  date = {2018},
  journaltitle = {Sensors},
  volume = {18},
  number = {1},
  pages = {18},
  publisher = {Multidisciplinary Digital Publishing Institute},
  doi = {10.3390/s18010018},
  issue = {1}
}

@inproceedings{Thompson.Greenewald.ea2022,
  title = {The {{Computational Limits}} of {{Deep Learning}}},
  booktitle = {9th {{Computing}} within {{Limits}} ({{LIMITS}} 2023)},
  author = {Thompson, Neil C. and Greenewald, Kristjan and Lee, Keeheon and Manso, Gabriel F.},
  date = {2022},
  doi = {10.48550/arXiv.2007.05558},
  eventtitle = {9th {{Computing}} within {{Limits}} ({{LIMITS}} 2023)}
}

@article{Tobler1970,
  title = {A {{Computer Movie Simulating Urban Growth}} in the {{Detroit Region}}},
  author = {Tobler, W. R.},
  date = {1970},
  journaltitle = {Economic Geography},
  volume = {46},
  pages = {234--240},
  publisher = {[Clark University, Wiley]},
  doi = {10.2307/143141}
}

@software{Torchmetrics2024,
  title = {{{TorchMetrics Package}}},
  author = {{Torchmetrics}},
  date = {2024},
  url = {https://lightning.ai/docs/torchmetrics/stable/},
  urldate = {2024-06-04}
}

@online{Torchmetrics2024a,
  title = {Accuracy},
  author = {Torchmetrics},
  date = {2024},
  url = {https://lightning.ai/docs/torchmetrics/stable/classification/accuracy.html},
  urldate = {2024-05-30}
}

@online{Torchmetrics2024b,
  title = {Jaccard {{Index}}},
  author = {Torchmetrics},
  date = {2024},
  url = {https://lightning.ai/docs/torchmetrics/stable/classification/jaccard_index.html},
  urldate = {2024-05-30}
}

@online{Torchvision2024,
  title = {Illustration of Transforms},
  author = {{Torchvision}},
  date = {2024},
  url = {https://pytorch.org/vision/stable/auto_examples/transforms/plot_transforms_illustrations.html#sphx-glr-auto-examples-transforms-plot-transforms-illustrations-py},
  urldate = {2024-06-25}
}

@book{Trask2019,
  title = {Grokking {{Deep Learning}}},
  author = {Trask, Andrew},
  date = {2019},
  edition = {First Edition},
  publisher = {Manning},
  location = {Shelter Island},
  isbn = {978-1-61729-370-2}
}

@article{Tu.Chen.ea2020,
  title = {Regional {{Mapping}} of {{Essential Urban Land Use Categories}} in {{China}}: {{A Segmentation-Based Approach}}},
  author = {Tu, Ying and Chen, Bin and Zhang, Tao and Xu, Bing},
  date = {2020-01},
  journaltitle = {Remote Sensing},
  volume = {12},
  number = {7},
  pages = {1058},
  publisher = {Multidisciplinary Digital Publishing Institute},
  doi = {10.3390/rs12071058},
  issue = {7}
}

@article{Tzepkenlis.Marthoglou.ea2023,
  title = {Efficient {{Deep Semantic Segmentation}} for {{Land Cover Classification Using Sentinel Imagery}}},
  author = {Tzepkenlis, Anastasios and Marthoglou, Konstantinos and Grammalidis, Nikos},
  date = {2023-01},
  journaltitle = {Remote Sensing},
  volume = {15},
  number = {8},
  pages = {2027},
  publisher = {Multidisciplinary Digital Publishing Institute},
  doi = {10.3390/rs15082027},
  issue = {8}
}

@article{Ulrich.Schultz.ea2023,
  title = {Carbon Fluxes Related to Land Use and Land Cover Change in {{Baden-Württemberg}}},
  author = {Ulrich, Veit and Schultz, Michael and Lautenbach, Sven and Zipf, Alexander},
  date = {2023},
  journaltitle = {Environmental Monitoring and Assessment},
  volume = {195},
  number = {5},
  pages = {616},
  doi = {10.1007/s10661-023-11141-9}
}

@book{UnitedNations2023,
  title = {The {{Sustainable Development Goals Report}} 2023: {{Special Edition}}},
  author = {{United Nations}},
  date = {2023},
  series = {The {{Sustainable Development Goals Report}}},
  publisher = {{United Nations Department of Economic and Social Affairs}},
  doi = {10.18356/9789210024914},
  isbn = {978-92-1-002491-4}
}

@article{Usmani.Napolitano.ea2023,
  title = {Towards Global Scale Segmentation with {{OpenStreetMap}} and Remote Sensing},
  author = {Usmani, Munazza and Napolitano, Maurizio and Bovolo, Francesca},
  date = {2023},
  journaltitle = {ISPRS Open Journal of Photogrammetry and Remote Sensing},
  volume = {8},
  pages = {100031},
  publisher = {Elsevier},
  doi = {10.1016/j.ophoto.2023.100031}
}

@article{Ustin.Middleton2021,
  title = {Current and Near-Term Advances in {{Earth}} Observation for Ecological Applications},
  author = {Ustin, Susan L. and Middleton, Elizabeth M.},
  date = {2021-01-04},
  journaltitle = {Ecological Processes},
  volume = {10},
  number = {1},
  pages = {1},
  doi = {10.1186/s13717-020-00255-4}
}

@article{Vali.Comai.ea2020,
  title = {Deep {{Learning}} for {{Land Use}} and {{Land Cover Classification Based}} on {{Hyperspectral}} and {{Multispectral Earth Observation Data}}: {{A Review}}},
  author = {Vali, Ava and Comai, Sara and Matteucci, Matteo},
  date = {2020-08-03},
  journaltitle = {Remote Sensing},
  volume = {12},
  number = {15},
  pages = {2495},
  doi = {10.3390/rs12152495}
}

@article{Vargas-Munoz.Srivastava.ea2021,
  title = {{{OpenStreetMap}}: {{Challenges}} and {{Opportunities}} in {{Machine Learning}} and {{Remote Sensing}}},
  author = {Vargas-Munoz, John E. and Srivastava, Shivangi and Tuia, Devis and Falcão, Alexandre X.},
  date = {2021},
  journaltitle = {IEEE Geoscience and Remote Sensing Magazine},
  volume = {9},
  number = {1},
  pages = {184--199},
  doi = {10.1109/MGRS.2020.2994107},
  eventtitle = {{{IEEE Geoscience}} and {{Remote Sensing Magazine}}}
}

@inproceedings{Vaswani.Shazeer.ea2017,
  title = {Attention {{Is All You Need}}},
  booktitle = {31st {{Conference}} on {{Neural Information Processing Systems}} ({{NIPS}} 2017)},
  author = {Vaswani, Ashish and Shazeer, Noam and Parmar, Niki and Uszkoreit, Jakob and Jones, Llion and Gomez, Aidan N. and Kaiser, Lukasz and Polosukhin, Illia},
  date = {2017},
  publisher = {arXiv},
  doi = {10.48550/arXiv.1706.03762},
  eventtitle = {31st {{Conference}} on {{Neural Information Processing Systems}} ({{NIPS}} 2017)}
}

@inproceedings{Vitkiene.Puodziukas.ea2017,
  title = {New {{Approach}} to the {{Lithuanian Road Classification Based}} on {{Worldwide Experience}}},
  booktitle = {“{{Environmental Engineering}}” 10th {{International Conference}}},
  author = {Vitkienė, Jūratė and Puodžiukas, Virgaudas and Zilioniene, Daiva},
  date = {2017},
  doi = {10.3846/enviro.2017.155},
  eventtitle = {“{{Environmental Engineering}}” 10th {{International Conference}}}
}

@article{Wang.Li2021,
  title = {{{GeoAI}} in Terrain Analysis: {{Enabling}} Multi-Source Deep Learning and Data Fusion for Natural Feature Detection},
  author = {Wang, Sizhe and Li, Wenwen},
  date = {2021-11-01},
  journaltitle = {Computers, Environment and Urban Systems},
  volume = {90},
  pages = {101715},
  doi = {10.1016/j.compenvurbsys.2021.101715}
}

@article{Wang.Sun.ea2023,
  title = {A Review of Regional and {{Global}} Scale {{Land Use}}/{{Land Cover}} ({{LULC}}) Mapping Products Generated from Satellite Remote Sensing},
  author = {Wang, Yanzhao and Sun, Yonghua and Cao, Xuyue and Wang, Yihan and Zhang, Wangkuan and Cheng, Xinglu},
  date = {2023},
  journaltitle = {ISPRS Journal of Photogrammetry and Remote Sensing},
  volume = {206},
  pages = {311--334},
  doi = {10.1016/j.isprsjprs.2023.11.014}
}

@article{Wang.Wang.ea2023,
  title = {Seismic {{Facies Segmentation}} via a {{Segformer-Based Specific Encoder}}–{{Decoder}}–{{Hypercolumns Scheme}}},
  author = {Wang, Zhiguo and Wang, Qiannan and Yang, Yang and Liu, Naihao and Chen, Yumin and Gao, Jinghuai},
  date = {2023},
  journaltitle = {IEEE Transactions on Geoscience and Remote Sensing},
  volume = {61},
  pages = {1--11},
  doi = {10.1109/TGRS.2023.3244037},
  eventtitle = {{{IEEE Transactions}} on {{Geoscience}} and {{Remote Sensing}}}
}

@online{Wang.Wang.ea2024,
  title = {A {{Comprehensive Survey}} on {{Data Augmentation}}},
  author = {Wang, Zaitian and Wang, Pengfei and Liu, Kunpeng and Wang, Pengyang and Fu, Yanjie and Lu, Chang-Tien and Aggarwal, Charu C. and Pei, Jian and Zhou, Yuanchun},
  date = {2024},
  doi = {10.48550/arXiv.2405.09591}
}

@inproceedings{Wang.Xie.ea2021,
  title = {Pyramid {{Vision Transformer}}: {{A Versatile Backbone}} for {{Dense Prediction}} without {{Convolutions}}},
  booktitle = {2021 {{IEEE}}/{{CVF International Conference}} on {{Computer Vision}} ({{ICCV}})},
  author = {Wang, Wenhai and Xie, Enze and Li, Xiang and Fan, Deng-Ping and Song, Kaitao and Liang, Ding and Lu, Tong and Luo, Ping and Shao, Ling},
  date = {2021},
  pages = {548--558},
  doi = {10.1109/ICCV48922.2021.00061},
  eventtitle = {2021 {{IEEE}}/{{CVF International Conference}} on {{Computer Vision}} ({{ICCV}})}
}

@article{Ward1963,
  title = {Hierarchical {{Grouping}} to {{Optimize}} an {{Objective Function}}},
  author = {Ward, Joe H.},
  date = {1963},
  journaltitle = {Journal of the American Statistical Association},
  volume = {58},
  number = {301},
  pages = {236--244},
  publisher = {[American Statistical Association, Taylor \& Francis, Ltd.]},
  doi = {10.2307/2282967}
}

@inproceedings{Xie.Wang.ea2021,
  title = {{{SegFormer}}: {{Simple}} and {{Efficient Design}} for {{Semantic Segmentation}} with {{Transformers}}},
  booktitle = {35th {{Conference}} on {{Neural Information Processing Systems}} ({{NeurIPS}} 2021)},
  author = {Xie, Enze and Wang, Wenhai and Yu, Zhiding and Anandkumar, Anima and Alvarez, Jose M. and Luo, Ping},
  date = {2021},
  volume = {34},
  pages = {12077--12090},
  publisher = {Curran Associates, Inc.},
  doi = {10.48550/arXiv.2105.15203},
  eventtitle = {35th {{Conference}} on {{Neural Information Processing Systems}} ({{NeurIPS}} 2021)}
}

@article{Xing.Sieber.ea2014,
  title = {The Challenges of Image Segmentation in Big Remotely Sensed Imagery Data},
  author = {Xing, Jin and Sieber, Renée and Kalacska, Margaret},
  date = {2014-10-02},
  journaltitle = {Annals of GIS},
  volume = {20},
  number = {4},
  pages = {233--244},
  publisher = {Taylor \& Francis},
  doi = {10.1080/19475683.2014.938774}
}

@article{Xing.Sieber2023,
  title = {The Challenges of Integrating Explainable Artificial Intelligence into {{GeoAI}}},
  author = {Xing, Jin and Sieber, Renee},
  date = {2023},
  journaltitle = {Transactions in GIS},
  volume = {27},
  number = {3},
  pages = {626--645},
  doi = {10.1111/tgis.13045}
}

@article{Xu.Zhang.ea2021,
  title = {Efficient {{Transformer}} for {{Remote Sensing Image Segmentation}}},
  author = {Xu, Zhiyong and Zhang, Weicun and Zhang, Tianxiang and Yang, Zhifang and Li, Jiangyun},
  date = {2021-01},
  journaltitle = {Remote Sensing},
  volume = {13},
  number = {18},
  pages = {3585},
  publisher = {Multidisciplinary Digital Publishing Institute},
  doi = {10.3390/rs13183585},
  issue = {18}
}

@online{Xu.Zhou.ea2021,
  title = {A {{Survey}} on {{Green Deep Learning}}},
  author = {Xu, Jingjing and Zhou, Wangchunshu and Fu, Zhiyi and Zhou, Hao and Li, Lei},
  date = {2021}
}

@article{Xu.Zhou.ea2022,
  title = {A Framework for Urban Land Use Classification by Integrating the Spatial Context of Points of Interest and Graph Convolutional Neural Network Method},
  author = {Xu, Yongyang and Zhou, Bo and Jin, Shuai and Xie, Xuejing and Chen, Zhanlong and Hu, Sheng and He, Nan},
  date = {2022},
  journaltitle = {Computers, Environment and Urban Systems},
  volume = {95},
  pages = {101807},
  doi = {10.1016/j.compenvurbsys.2022.101807}
}

@article{Yang.Fu.ea2017,
  title = {Open Land-Use Map: A Regional Land-Use Mapping Strategy for Incorporating {{OpenStreetMap}} with Earth Observations},
  author = {Yang, Di and Fu, Chiung-Shiuan and Smith, Audrey C. and Yu, Qiang},
  date = {2017},
  journaltitle = {Geo-spatial Information Science},
  volume = {20},
  number = {3},
  pages = {269--281},
  publisher = {Taylor \& Francis},
  doi = {10.1080/10095020.2017.1371385}
}

@article{Yao.Chen.ea2023,
  title = {Land Use as an Important Indicator for Water Quality Prediction in a Region under Rapid Urbanization},
  author = {Yao, Siyang and Chen, Cheng and He, Mengnan and Cui, Zhen and Mo, Kangle and Pang, Ruonan and Chen, Qiuwen},
  date = {2023},
  journaltitle = {Ecological Indicators},
  volume = {146},
  pages = {109768},
  doi = {10.1016/j.ecolind.2022.109768}
}

@online{Yu.Koltun2016,
  title = {Multi-{{Scale Context Aggregation}} by {{Dilated Convolutions}}},
  author = {Yu, Fisher and Koltun, Vladlen},
  date = {2016},
  number = {arXiv:1511.07122},
  url = {http://arxiv.org/abs/1511.07122},
  urldate = {2024-06-29}
}

@article{Yu.Liang.ea2014,
  title = {Meta-Discoveries from a Synthesis of Satellite-Based Land-Cover Mapping Research},
  author = {Yu, Le and Liang, Lu and Wang, Jie and Zhao, Yuanyuan and Cheng, Qu and Hu, Luanyun and Liu, Shuang and Yu, Liang and Wang, Xiaoyi and Zhu, Peng and Li, Xueyan and Xu, Yue and Li, Congcong and Fu, Wei and Li, Xuecao and Li, Wenyu and Liu, Caixia and Cong, Na and Zhang, Han and Sun, Fangdi and Bi, Xinfang and Xin, Qinchuan and Li, Dandan and Yan, Donghui and Zhu, Zhiliang and Goodchild, Michael F. and Gong, Peng},
  date = {2014},
  journaltitle = {International Journal of Remote Sensing},
  volume = {35},
  number = {13},
  pages = {4573--4588},
  publisher = {Taylor \& Francis},
  doi = {10.1080/01431161.2014.930206}
}

@article{Yu.Yang.ea2018,
  title = {Methods and Datasets on Semantic Segmentation: {{A}} Review},
  author = {Yu, Hongshan and Yang, Zhengeng and Tan, Lei and Wang, Yaonan and Sun, Wei and Sun, Mingui and Tang, Yandong},
  date = {2018},
  journaltitle = {Neurocomputing},
  volume = {304},
  pages = {82--103},
  doi = {10.1016/j.neucom.2018.03.037}
}

@online{Zaitsev2019,
  title = {The {{Best Format}} to {{Save Pandas Data}}},
  author = {Zaitsev, Ilia},
  date = {2019-03-29T13:34:40},
  url = {https://towardsdatascience.com/the-best-format-to-save-pandas-data-414dca023e0d},
  urldate = {2024-05-04},
  organization = {Medium}
}

@article{Zeng.Zhao.ea2020,
  title = {Effect of {{Complex Road Networks}} on {{Intensive Land Use}} in {{China}}’s {{Beijing-Tianjin-Hebei Urban Agglomeration}}},
  author = {Zeng, Chen and Zhao, Zhe and Wen, Cheng and Yang, Jing and Lv, Tianyu},
  date = {2020},
  journaltitle = {Land},
  volume = {9},
  number = {12},
  pages = {532},
  publisher = {Multidisciplinary Digital Publishing Institute},
  doi = {10.3390/land9120532},
  issue = {12}
}

@incollection{Zhang.Ai2015,
  title = {How to {{Model Roads}} in {{OpenStreetMap}}? {{A Method}} for {{Evaluating}} the {{Fitness-for-Use}} of the {{Network}} for {{Navigation}}},
  booktitle = {Advances in {{Spatial Data Handling}} and {{Analysis}}: {{Select Papers}} from the 16th {{IGU Spatial Data Handling Symposium}}},
  author = {Zhang, Xiang and Ai, Tinghua},
  editor = {Harvey, Francis and Leung, Yee},
  date = {2015},
  pages = {143--162},
  publisher = {Springer International Publishing},
  location = {Cham},
  doi = {10.1007/978-3-319-19950-4_9},
  isbn = {978-3-319-19950-4}
}

@online{Zhang.Dana.ea2018,
  title = {Context {{Encoding}} for {{Semantic Segmentation}}},
  author = {Zhang, Hang and Dana, Kristin and Shi, Jianping and Zhang, Zhongyue and Wang, Xiaogang and Tyagi, Ambrish and Agrawal, Amit},
  date = {2018},
  number = {arXiv:1803.08904},
  doi = {10.48550/arXiv.1803.08904},
  version = {1}
}

@article{Zhang.Li2022,
  title = {Land {{Use}} and {{Land Cover Mapping}} in the {{Era}} of {{Big Data}}},
  author = {Zhang, Chuanrong and Li, Xinba},
  date = {2022-10},
  journaltitle = {Land},
  volume = {11},
  number = {10},
  pages = {1692},
  publisher = {Multidisciplinary Digital Publishing Institute},
  doi = {10.3390/land11101692},
  issue = {10}
}

@book{Zhang.Lipton.ea2023,
  title = {Dive into {{Deep Learning}}},
  author = {Zhang, Aston and Lipton, Zachary C. and Li, Mu and Smola, Alexander J.},
  date = {2023},
  edition = {5},
  publisher = {Cambridge University Press}
}

@article{Zhang.Ren.ea2023,
  title = {Spatial {{Context-Aware Object-Attentional Network}} for {{Multi-Label Image Classification}}},
  author = {Zhang, Jialu and Ren, Jianfeng and Zhang, Qian and Liu, Jiang and Jiang, Xudong},
  date = {2023-01-01},
  journaltitle = {IEEE Transactions on Image Processing},
  volume = {32},
  pages = {3000--3012},
  doi = {10.1109/TIP.2023.3266161}
}

@article{Zhang.Roslan.ea2023,
  title = {Research on Land Cover Classification of Multi-Source Remote Sensing Data Based on Improved {{U-net}} Network},
  author = {Zhang, Guanjin and family=Roslan, given=Siti Nur Aliaa, prefix=binti, useprefix=false and Wang, Ci and Quan, Ling},
  date = {2023-09-28},
  journaltitle = {Scientific Reports},
  volume = {13},
  number = {1},
  pages = {16275},
  publisher = {Nature Publishing Group},
  doi = {10.1038/s41598-023-43317-1},
  issue = {1}
}

@inproceedings{Zhang.Zhang.ea2022,
  title = {Spatial-Context-Aware Deep Neural Network for Multi-Class Image Classification},
  booktitle = {{{IEEE International Conference}} on {{Acoustics}}, {{Speech}} and {{Signal Processing}} ({{ICASSP}} 2022)},
  author = {Zhang, Jialu and Zhang, Qian and Ren, Jianfeng and Zhao, Yitian and Liu, Jiang},
  date = {2022},
  doi = {10.48550/arXiv.2111.12296},
  eventtitle = {{{IEEE International Conference}} on {{Acoustics}}, {{Speech}} and {{Signal Processing}} ({{ICASSP}} 2022)}
}

@article{Zhao.Ning.ea2023,
  title = {{{MSC-DeepFM}}: {{OSM Road Type Prediction}} via {{Integrating Spatial Context Using DeepFM}}},
  author = {Zhao, Yijiang and Ning, Yahan and Li, Haodong and Liao, Zhuhua and Liu, Yizhi and Li, Feng},
  date = {2023},
  journaltitle = {Sustainability},
  volume = {15},
  number = {24},
  pages = {16671},
  publisher = {Multidisciplinary Digital Publishing Institute},
  doi = {10.3390/su152416671},
  issue = {24}
}

@article{Zhao.Peng.ea2022,
  title = {Contextual-{{Aware Land Cover Classification With U-Shaped Object Graph Neural Network}}},
  author = {Zhao, Wenzhi and Peng, Shu and Chen, Jiage and Peng, Rui},
  date = {2022},
  journaltitle = {IEEE Geoscience and Remote Sensing Letters},
  volume = {19},
  pages = {1--5},
  doi = {10.1109/LGRS.2022.3177778}
}

@article{Zhao.Tu.ea2023,
  title = {Land {{Use}} and {{Land Cover Classification Meets Deep Learning}}: {{A Review}}},
  author = {Zhao, Shengyu and Tu, Kaiwen and Ye, Shutong and Tang, Hao and Hu, Yaocong and Xie, Chao},
  date = {2023},
  journaltitle = {Sensors},
  volume = {23},
  number = {21},
  pages = {8966},
  publisher = {Multidisciplinary Digital Publishing Institute},
  doi = {10.3390/s23218966},
  issue = {21}
}

@inproceedings{Zheng.Lu.ea2021,
  title = {Rethinking {{Semantic Segmentation}} from a {{Sequence-to-Sequence Perspective}} with {{Transformers}}},
  booktitle = {{{IEEE Conference}} on {{Computer Vision}} and {{Pattern Recognition}} ({{CVPR}} 2021)},
  author = {Zheng, Sixiao and Lu, Jiachen and Zhao, Hengshuang and Zhu, Xiatian and Luo, Zekun and Wang, Yabiao and Fu, Yanwei and Feng, Jianfeng and Xiang, Tao and Torr, Philip H.S. and Zhang, Li},
  date = {2021},
  pages = {6877--6886},
  doi = {10.1109/CVPR46437.2021.00681},
  eventtitle = {{{IEEE Conference}} on {{Computer Vision}} and {{Pattern Recognition}} ({{CVPR}} 2021)}
}

@article{Zhu.Cheng.ea2019,
  title = {Spatial Interpolation Using Conditional Generative Adversarial Neural Networks},
  author = {Zhu, Di and Cheng, Ximeng and Zhang, Fan and Yao, Xin and Gao, Yong and Liu, Yu},
  date = {2019},
  journaltitle = {International Journal of Geographical Information Science},
  volume = {34},
  number = {4},
  pages = {735--758},
  publisher = {Taylor \& Francis},
  doi = {10.1080/13658816.2019.1599122}
}

@online{Zhu.Newsam2016,
  title = {Land {{Use Classification}} Using {{Convolutional Neural Networks Applied}} to {{Ground-Level Images}}},
  author = {Zhu, Yi and Newsam, Shawn},
  date = {2016-09-21},
  number = {arXiv:1609.06653},
  url = {http://arxiv.org/abs/1609.06653},
  urldate = {2024-01-10}
}

@article{Zong.He.ea2020,
  title = {Detailed {{Mapping}} of {{Urban Land Use Based}} on {{Multi-Source Data}}: {{A Case Study}} of {{Lanzhou}}},
  author = {Zong, Leli and He, Sijia and Lian, Jiting and Bie, Qiang and Wang, Xiaoyun and Dong, Jingru and Xie, Yaowen},
  date = {2020},
  journaltitle = {Remote Sensing},
  volume = {12},
  number = {12},
  pages = {1987},
  publisher = {Multidisciplinary Digital Publishing Institute},
  doi = {10.3390/rs12121987},
  issue = {12}
}
