@article{avramidisDepositionalEnvironmentsSediment2015,
  title = {Depositional Environments, Sediment Characteristics, Palaeoecological Analysis and Environmental Assessment of an Internationally Protected Shallow {{Mediterranean}} Lagoon, {{Gialova Lagoon}} {\textendash} {{Navarino Bay}}, {{Greece}}},
  author = {Avramidis, Pavlos and Iliopoulos, George and Kontopoulos, Nikolaos and Panagiotaras, Dionisios and Pantelis, Barouchas and Nikolaou, Kostas and Papadopoulou, Penelope},
  year = {2015},
  journal = {Earth and Environmental Science Transactions of the Royal Society of Edinburgh},
  pages = {1--18}
}

@book{birndorferGeoarchaeologicalAnalysesTiryns2022,
  title = {Geoarchaeological Analyses at {{Tiryns}} ({{Peloponnese}}, {{Greece}})},
  author = {Birndorfer, Thomas and {Khamnueva-Wendt}, Svetlana and Bork, Hans-Rudolf and Unkel, Ingmar and Maran, Joseph},
  year = {2022},
  publisher = {{Universit{\"a}t Kiel}}
}

@article{Emery.Beck.ea2016,
  title = {The {{Bay}} of {{Kiladha Project}} ({{Argolid}}, {{Greece}}): {{Bridging East}} and {{West}}},
  author = {Emery, Patrizia Birchler and Beck, Julien and Koutsoumba, Despina and Kraounaki, Ioanna},
  year = {2016},
  journal = {BAF-Online: Proceedings of the Berner Altorientalisches Forum},
  volume = {1},
  doi = {10.22012/baf.2016.06},
  langid = {english}
}

@article{emmanouilidisHolocenePaleoclimateVariability2022,
  title = {Holocene Paleoclimate Variability in the Eastern {{Mediterranean}}, Inferred from the Multi-Proxy Record of {{Lake Vouliagmeni}}, {{Greece}}},
  author = {Emmanouilidis, Alexandros and Katrantsiotis, Christos and Dotsika, Elissavet and Kokkalas, Sotirios and Unkel, Ingmar and Avramidis, Pavlos},
  year = {2022},
  journal = {Palaeogeography, Palaeoclimatology, Palaeoecology},
  volume = {595}
}

@article{emmanouilidisMiddleLateHolocene2018,
  title = {Middle to Late {{Holocene}} Palaeoenvironmental Study of {{Gialova Lagoon}}, {{SW Peloponnese}}, {{Greece}}},
  author = {Emmanouilidis, Alexandros and Katrantsiotis, Christos and Norstr{\"o}m, Elin and Risberg, Jan and Kylander, Malin and Sheik, Taariq and Iliopoulos, George and Avramidis, Pavlos},
  year = {2018},
  journal = {Quaternary International},
  volume = {476}
}

@book{habichtPausaniasUndSeine1985,
  title = {Pausanias Und Seine "{{Beschreibung Griechenlands}}"},
  author = {Habicht, Christian},
  year = {1985},
  publisher = {{C.H. Beck}},
  address = {{M{\"u}nchen}}
}

@article{Maneas.Makopoulou.ea2019,
  title = {Anthropogenic {{Changes}} in a {{Mediterranean Coastal Wetland}} during the {{Last Century}}{\textemdash}{{The Case}} of {{Gialova Lagoon}}, {{Messinia}}, {{Greece}}},
  author = {Maneas, Giorgos and Makopoulou, Eirini and Bousbouras, Dimitris and Berg, H{\aa}kan and Manzoni, Stefano},
  year = {2019},
  journal = {Water},
  volume = {11},
  number = {2},
  pages = {350},
}

@article{morettiGulfCorinthActive2003,
  title = {The {{Gulf}} of {{Corinth}}: An Active Half Graben?},
  author = {Moretti, Isabelle and Sakellariou, D. and Lykousis, V. and Micarelli, L.},
  year = {2003},
  journal = {Journal of Geodynamics},
  volume = {36},
  number = {1-2},
  pages = {323--340},
  doi = {10.1016/S0264-3707(03)00053-X}
}

@article{seguin2500YearsAnthropogenic2019,
  title = {2500 Years of Anthropogenic and Climatic Landscape Transformation in the {{Stymphalia}} Polje, {{Greece}}},
  author = {Seguin, Joana and Bintliff, John L. and Grootes, Pieter M. and Bauersachs, Thorsten and D{\"o}rfler, Walter and Heymann, Christian and Manning, Sturt W. and M{\"u}ller, Samuel and Nadeau, Marie-Jos{\'e}e and Nelle, Oliver and Steier, Peter and Weber, Jan and Wild, Eva-Maria and Zagana, Eleni and Unkel, Ingmar},
  year = {2019},
  journal = {Quaternary Science Reviews},
  volume = {213},
  pages = {133--154}
}

@article{seguinReconstructionPalaeoenvironmentalVariability2020,
  title = {Reconstruction of Palaeoenvironmental Variability Based on an Inter-Comparison of Four Lacustrine Archives on the {{Peloponnese}} ({{Greece}}) for the Last 5000 Years},
  author = {Seguin, Joana and Avramidis, Pavlos and Haug, Annette and Kessler, Torben and Schimmelmann, Arndt and Unkel, Ingmar},
  year = {2020},
  journal = {E\&G Quaternary Science Journal},
  volume = {69},
  number = {2},
  pages = {165--186}
}

@article{unkelDrivingMechanismsHolocene2014,
  title = {Driving Mechanisms of {{Holocene}} Lagoon Development and Barrier Accretion in {{Northern Elis}}, {{Peloponnese}}, Inferred from the Sedimentary Record of the {{Kotychi Lagoon}}},
  author = {Unkel, Ingmar and Haenssler, Elke and D{\"o}rfler, Walter and Nadeau, Marie-Jos{\'e}e},
  year = {2014},
  journal = {Quaternary Science Journal},
  volume = {63},
  pages = {60--77}
}

@article{unkelHydraHermesHerkules2020,
  title = {Hydra, {{Hermes}}, {{Herkules}} - {{Mythologie}} Und {{Hydrologie}} Im Antiken {{Griechenland}}},
  author = {Unkel, Ingmar},
  year = {2020},
  journal = {Palaeos},
  volume = {7},
  pages = {39--44}
}

@article{willershauserHolocenePalaeotsunamiImprints2015,
  title = {Holocene Palaeotsunami Imprints in the Stratigraphical Record and the Coastal Geomorphology of the {{Gialova Lagoon}} near {{Pylos}} (Southwestern {{Peloponnese}}, {{Greece}})},
  author = {Willersh{\"a}user, Timo and V{\"o}tt, Andreas and Hadler, Hanna and Ntageretzis, Konstantin and Emde, Kurt and Br{\"u}ckner, Helmut},
  year = {2015},
  journal = {Zeitschrift f{\"u}r Geomorphologie},
  number = {Supplementary Issue},
  doi = {10.1127/zfg_suppl/2015/S-00190}
}

@article{Armijo.Lyon-Caen.ea1992,
  title = {East-{{West Extension}} and {{Holocene Normal-Fault Scarps}} in the {{Hellenic Arc}}},
  author = {Armijo, R and {Lyon-Caen}, H and Papanastassiou, D},
  year = {1992},
  journal = {Geology},
  volume = {20},
  pages = {491--494}
}

@article{Clendenon2009,
  title = {Karst {{Hydrology}} in {{Ancient Myths}} from {{Arcadia}} and {{Argolis}}, {{Greece}}},
  author = {Clendenon, Cindy},
  year = {2009},
  journal = {Acta Carsologica},
  volume = {38},
  number = {1}
}

@book{Brewer2001,
    author    = "{D. Brewer}",
    title     = "{The Greek War of Independence. The struggle for freedom from Ottoman oppression and the birth of the modern Greek nation}",
    year      = 2001,
    publisher = "{Overlook Press}",
    address   = "{Woodstock, New York, USA}"
}

@book{Davis2008,
    author    = "{J.L. Davis}",
    title     = "{Sandy Pylos. An Archaeological History from Nestor to Navarino}",
    edition   = 2,
    year      = 2008,
    publisher = "{ASCSA Publications}",
    address   = "{Princeston, USA}"
}

@article{Karkani.Evelpidou.ea2022,
    title = {Tsunamis in the {{Greek Region}}: {{An Overview}} of {{Geological}} and {{Geomorphological Evidence}}},
    author = {Karkani, Anna and Evelpidou, Niki and Tzouxanioti, Maria and Petropoulos, Alexandros and Gogou, Marilia and Mloukie, Eleni},
    year = {2022},
    journal = {Geosciences},
    volume = {12},
    number = {1},
    pages = {4},
    doi = {10.3390/geosciences12010004},
}

@article{Vött.Willershäuser.ea2019,
    author = {Andreas V{\"o}tt and Timo Willersh{\"a}user and Bj{\"o}rn R. R{\"o}bke and Lea Obrocki and Peter Fischer and Hanna Hadler and Kurt Emde and Birgitta Eder and Hans-Joachim Gehrke and Franziska Lang},
    title = {Major flood events recorded in the Holocene sedimentary sequence of the uplifted Ladiko and Makrisia basins near ancient Olympia (western Peloponnese, Greece)},
    journal = {Zeitschrift f{\"u}r Geomorphologie: Supplementary Issues},
    year = {2019},
    number = {2},
    volume = {62},
    publisher = {Schweizerbart},
    pages = {143--195},
    doi = {https://doi.org/10.1127/zfg\_suppl/2018/0499},
}

@book{Zepp2017,
  author={Zepp, Harald},
  title={Geomorphologie},
  subtitle={eine Einf{\"u}hrung},
  edition={7., {\"u}berarbeitete Auflage, Online-Ausgabe},
  publisher={Ferdinand Sch{\"o}ningh},
  address={Paderborn},
  year={2017},
  series={Grundriss Allgemeine Geographie},
  doi={10.36198/9783838547404},
}
