% BibTeX database

%%%%%%%%%%%%
% Articles %
%%%%%%%%%%%%% 

@article{Stathis2021,
	author	  =	"{P. Stathis}",
	title	  =	"{The Historiography of the Greek Revolution of 1821: From Memoirs to National Scholarly History, 1821-1922}",
	journal   = "{Historein}",
	volume    =	19,
	number	  =	2,
	year	  =	2021
}

@article{Dakin1952,
	author	  =	"{D. Dakin}",
	title	  =	"{Historical Revision No. CXIX - The Origins of the Greek Revolution of 1821}",
	journal   = "{History}",
	volume    =	37,
	number	  =	131,
	year	  =	1952
}

%%%%%%%%%%%%%%%
% Collections %
%%%%%%%%%%%%%%%

@incollection{Brandes2005,
	author    =	"{W. Brandes}",
	title     = "{Der Fall Konstantinopels als apokalyptisches Ereignis}",
    editor    = "{S. Kolwitz and R.C. Müller}",
	booktitle =	"{Geschehenes und Geschriebenes. Studien zu Ehren von Günther S. Henrich und Klaus-Peter Matschke}",
    publisher =	"{Eudora}",    
	address   =	"{Leipzig}",
	year	  =	2005
}

@incollection{CarledgeVarnava2022,
	author    =	"{Y. Carledge and A. Varnava}",
	title     = "{The Greek Revolution 200 Years On: New Perspectives and Legacies}",
    editor    = "{Y. Carledge and A. Varnava}",
	booktitle =	"{New Perspectives on the Greek War of Independence. Myths, Realities, Legacies and Reflections}",
    chapter   = "{1.1}",
    publisher =	"{Palgrave Macmillan/Springer}",    
	address   =	"{Cham, Schweiz}",
	year	  =	2022
}

@incollection{Hösch1964,
	author    =	"{E. Hösch}",
	title     = "{Das sogenannte „griechische Projekt“ Katharinas II. Ideologie und Wirklichkeit der russischen Orientpolitik in der zweiten Hälfte des 18. Jahrhunderts}",
	booktitle =	"{Jahrbücher für Geschichte Osteuropas}",
    chapter   = 12,
    publisher =	"{Franz Steiner Verlag}",    
	address   =	"{Stuttgart}",
	year	  =	1964
}

@incollection{Ilicak2022,
	author    =	"{H.S. Ilicak}",
	title     = "{The decade prior to the Greek Revolution: A black hole in Ottoman history}",
    editor    = "{P.M. Kitromilides}",
	booktitle =	"{The Greek Revolution in the Age of Revolutions (1776-1848)}",
    chapter   = 10,
    publisher =	"{Routledge}",    
	address   =	"{New York, USA}",
	year	  =	2022
}

@incollection{Inalcik1991,
	author    =	"{H. Inalcik}",
	title     = "{Osman Ghazi's Siege of Nicaea and the Battle of Bapheus}",
    editor    = "{E. Zachariadou}",
	booktitle =	"{The Ottoman Emirate (1300-1389), A Symposium held in Rethymnon}",
	publisher =	"{Institute for Mediterranean Studies, Halcyon Days in Crete I}",
	address   =	"{Rethymno, Griechenland}",
	year	  =	1991,
}

@incollection{Jourdan2022,
	author    =	"{A. Jourdan}",
	title     = "{Revolutions in Europe (1776-1848)}",
    editor    = "{P.M. Kitromilides}",
	booktitle =	"{The Greek Revolution in the Age of Revolutions (1776-1848)}",
    chapter   = 1,
    publisher =	"{Routledge}",    
	address   =	"{New York, USA}",
	year	  =	2022
}

@incollection{Konstantinou2012,
	author    =	"{E. Konstantinou}",
	title     = "{Griechenlandbegeisterung und Philhellenismus}",
	booktitle =	"{Europäische Geschichte Online}",
	publisher =	"{Leibniz-Institut für Europäische Geschichte}",
	address   =	"{Mainz}",
	year	  =	2012,
    note      = "{- URL: \url{http://www.ieg-ego.eu/konstantinoue-2012-de} [Stand 07.09.2023]}"
}

@incollection{Zelepos2015,
	author    =	"{I. Zelepos}",
	title     = "{Griechischer Unabhängigkeitskrieg (1821-1832)}",
	booktitle =	"{Europäische Geschichte Online}",
    publisher =	"{Leibniz-Institut für Europäische Geschichte}",
	address   =	"{Mainz}",
	year	  =	2015,
    note      = "{- URL: \url{http://www.ieg-ego.eu/zeleposi-2015-de} [Stand 07.09.2023]}"
}

%%%%%%%%%%%%%%%
% Books %
%%%%%%%%%%%%%%%

@book{Anderson1966,
    author    = "{M.S. Anderson}",
    title     = "{The Eastern Question, 1774-1923. A Study in International Relations}",
    year      = 1966,
    publisher = "{Macmillan, St. Martin's Press}",
    address   = "{London, Großbritannien}"
}

@book{Bon1969,
    author    = "{A. Bon}",
    title     = "{La Morée franque. Recherches historiques, topographiques et archéologiques sur la principauté d'Achaïe}",
    year      = 1969,
    publisher = "{De Boccard}",
    address   = "{Paris, Frankreich}"
}

@book{Brewer2001,
    author    = "{D. Brewer}",
    title     = "{The Greek War of Independence. The struggle for freedom from Ottoman oppression and the birth of the modern Greek nation}",
    year      = 2001,
    publisher = "{Overlook Press}",
    address   = "{Woodstock, New York, USA}"
}

@book{Brewer2012,
    author    = "{D. Brewer}",
    title     = "{Greece, the Hidden Centuries: Turkish Rule from the Fall of Constantinople to Greek Independence}",
    year      = 2012,
    publisher = "{Bloomsbury Publishing}",
    address   = "{London, Großbritannien}"
}

@book{Clair2008,
    author    = "{W.S. Clair}",
    title     = "{That Greece Might Still Be Free: The Philhellenes in the War of Independence}",
    year      = 2008,
    edition   = 1,
    publisher = "{Open Book Publishers}", 
    address   = "{Cambridge, Großbritannien}"
}

@book{Clogg1979,
    author    = "{R. Clogg}",
    title     = "{A Short History of Modern Greece}",
    year      = 1979,
    publisher = "{Cambridge University Press}", 
    address   = "{Cambridge, Großbritannien}"
}

@book{Cronin1995,
    author    = "{V. Cronin}",
    title     = "{Katharina die Große}",
    year      = 1995,
    publisher = "{Claassen Verlag}", 
    address   = "{Berlin}"
}

@book{Dakin1973,
    author    = "{D. Dakin}",
    title     = "{Greek Struggle for Independence 1821-1833}",
    year      = 1973,
    publisher = "{University of California Press}",
    address   = "{Berkeley and Los Angeles, USA}"
}

@book{Davis2008,
    author    = "{J.L. Davis}",
    title     = "{Sandy Pylos. An Archaeological History from Nestor to Navarino}",
    edition   = 2,
    year      = 2008,
    publisher = "{ASCSA Publications}",
    address   = "{Princeston, USA}"
}

@book{Finkel2007,
    author    = "{C. Finkel}",
    title     = "{Osman's Dream. The Story of the Ottoman Empire 1300-1923}",
    year      = 2007,
    publisher = "{Basic Books}",
    address   = "{New York and Berkeley, USA}"
}

@book{Forster1958,
    author    = "{E.S. Forster}",
    title     = "{A Short History of Modern Greece 1821-1956}",
    edition   = 3,
    year      = 1958,
    publisher = "{Methuen and Co.}",
    address   = "{London, Großbritannien}"
}

@book{Imber2002,
    author    = "{C. Imber}",
    title     = "{The Ottoman Empire, 1300-1650: The Structure of Power}",
    year      = 2002,
    publisher = "{Palgrave Macmillan}",
    address   = "{New York, USA}"
}

@book{James1837,
    author    = "{W. James}",
    title     = "{The Naval History of Great Britain. A New Edition, with Additions and Notes, and an Account of the Burmese War and the Battle of Navarino}",
    year      = 1837,
    volume    = 6,
    publisher = "{Bentley}",
    address   = "{London, Großbritannien}"
}

@book{Jorga1990,
    author    = "{N. Jorga}",
    title     = "{Geschichte des Osmanischen Reiches. Fünfter Band bis 1912}",
    year      = 1990,
    publisher = "{Wissenschaftliche Buchgesellschaft}",
    address   = "{Darmstadt}"
}

@book{Kafadar1995,
    author    = "{C. Kafadar}",
    title     = "{Between Two Worlds. The Construction of the Ottoman State}",
    year      = 1995,
    publisher = "{University of California Press}",
    address   = "{Berkeley, USA}"
}

@book{Karsh2007,
    author    = "{E. Karsh}",
    title     = "{Islamic Imperialism - A History}",
    year      = 2007,
    publisher = "{New Haven, Yale University Press}",
    address   = "{New Haven, USA}"
}

@book{Kinross1979,
    author    = "{P.B. Kinross}",
    title     = "{The Ottoman Centuries. The Rise and Fall of the Turkish Empire}",
    year      = 1979,
    publisher = "{Morrow}",
    address   = "{New York, USA}"
}

@book{Lowry2003,
    author    = "{H.K. Lowry}",
    title     = "{The Nature of the Early Ottoman State}",
    year      = 2003,
    publisher = "{State University of New York Press}",
    address   = "{Albany, USA}"
}

@book{Pausanias2020,
    author    = "{Pausanias}",
    title     = "{Description of Greece: A Pausanias Reader, Scolls 1-10. Translated by W.H.S. Jones and H.A. Ormerod in 1918 and edited by Gregory Nagy in 2020}",
    year      = 2020,
    publisher = "{Harvard University Press}",
    address   = "{Cambridge, USA}",
    note      = "{- URL: \url{https://chs.harvard.edu/description-of-greece-a-pausanias-reader/#n.*} [as of 11.09.2023]}"
}

@book{Ranke1829,
    author    = "{L. von Ranke}",
    title     = "{Die serbische Revolution. Aus serbischen Papieren und Mitteilungen, mit einer Charte von Serbien}",
    year      = 1829,
    publisher = "{Friedrich Perthes}",
    address   = "{Hamburg}"
}

@book{Schulz2011,
    author    = "{O. Schulz}",
    title     = "{Ein Sieg der zivilisierten Welt? Die Intervention der europäischen Großmächte im griechischen Unabhängigkeitskrieg (1826-1832)}",
    year      = 2011,
    publisher = "{LIT}",
    address   = "{Berlin}"
}

@book{SmithFelton1855,
    author    = "{W. Smith and C.C. Felton}",
    title     = "{A History of Greece: From the Earliest Times to the Roman Conquest, with Supplementary Chapters on the History of Literature and Art}",
    year      = 1855,
    publisher = "{Hickling, Swan, and Brown}",
    address   = "{Boston, USA}"
}

@book{Sugar1977,
    author    = "{P.F. Sugar}",
    title     = "{Southeastern Europe under Ottoman rule, 1354-1804}",
    year      = 1977,
    publisher = "{University of Washington Press}",
    address   = "{Seattle, USA}"
}

@book{Woodhouse1965,
    author    = "{C.M. Woodhouse}",
    title     = "{The battle of Navarino}",
    year      = 1965,
    publisher = "{Hodder and Stoughton}",
    address   = "{London, Großbritannien}"
}

@book{Woodhouse1998,
    author    = "{C.M. Woodhouse}",
    title     = "{Modern Greece: A Short History}",
    year      = 1998,
    edition   = 5, 
    publisher = "{Faber}",
    address   = "{London, Großbritannien}"
}

%%%%%%%%%%%%%%
% Hyperlinks %
%%%%%%%%%%%%%%

@misc{ClimateData2023,
    author    = "{Climate Data}",
    title     = "{Klima Pylos (Griechenland)}",
    year      = 2023,
    note      = "{- URL: \url{https://de.climate-data.org/europa/griechenland/pylos/pylos-636603/} [as of 10.09.2023]}"
}

@misc{MFA2023,
    author    = "{Hellenic Republic}",
    title     = "{Greek Independence Day}",
    year      = 2023,
    note      = "{- URL: \url{https://www.mfa.gr/uk/en/about-greece/government-and-politics/greek-independence-day.html} [as of 10.09.2023]}"
}

@misc{ELSTAT2019,
    author    = "{Hellenic Statistical Authority (ELSTAT)}",
    title     = "{Population census 2011}",
    year      = 2019,
    note      = "{- URL: \url{http://www.statistics.gr/documents/20181/1210503/resident_population_census2011rev.xls/956f8949-513b-45b3-8c02-74f5e8ff0230} [as of 14.09.2023]}"
}

@misc{Navarinia2023,
    author    = "{Navarinia}",
    title     = "{Event of Navarinia}",
    year      = 2023,
    note      = "{- URL: \url{https://navarinia.gr} [as of 10.09.2023]}"
}

%%%%%%%%%%%
% Figures %
%%%%%%%%%%%

@misc{Eynaud2014,
    author    = "{N. Eynaud}",
    title     = "{Expansion territòriala de l'Empèri Otoman de 1307 a 1683}",
    year      = 2014,
    note      = "{- URL: \url{https://commons.wikimedia.org/wiki/File:Empèri_Otoman_-_Expansion_territòriala_de_1307_a_1683.png} [as of 10.09.2023]}"
}

@misc{Altenhof2016,
    author    = "{A. Altenhof}",
    title     = "{Europa 1815. Politische Lage nach dem Wiener Kongress im Juni 1815}",
    year      = 2016,
    note      = "{- URL: \url{https://commons.wikimedia.org/wiki/File:Europe_1815_map_de.png} [as of 07.09.2023]}"
}

@misc{HistoricairRursus2007,
    author    = "{Historicair/Rursus}",
    title     = "{The territorial expansion of Greece, 1832-1947}",
    year      = 2007,
    note      = "{- URL: \url{https://commons.wikimedia.org/wiki/File:Map_Greece_expansion_1832-1947-en.svg} [as of 07.09.2023]}"
}

@misc{KappaXX,
    author    = "{Kappa Map Group}",
    title     = "{Decline Ottoman Empire. World History Wall Maps}",
    year      = "{unbekannt}",
    note      = "{- URL: \url{https://www.amazon.co.uk/Decline-Ottoman-Empire-World-History/dp/0762550325} [as of 07.09.2023]}"
}

@misc{Cassell1917,
    author    = "{Cassell and Company Limited}",
    title     = "{Subject Nationalities of the German Alliance. P.J. Mode collection of persuasive cartography, no. 8548. Division of Rare and Manuscript Collections, Cornell University Library}",
    year      = 1917,
    publisher = "{Cassell and Company Limited}",
    address   = "{London, Großbritannien}",
    note      = "{- URL: \url{https://digital.library.cornell.edu/catalog/ss:3293864} [as of 10.09.2023]}"
}
