@article{Foshag.Furle.ea2024,
  title = {How to Assess the Needs of Vulnerable Population Groups towards Heat-Sensitive Routing? {{An}} Evidence-Based and Practical Approach to Reducing Urban Heat Stress},
  author = {Foshag, Kathrin and Fürle, Johannes and Ludwig, Christina and Fallmann, Joachim and Lautenbach, Sven and Rupp, Saskia and Burst, Patrick and Betsch, Marco and Zipf, Alexander and Aeschbach, Nicole},
  date = {2024-03-15},
  journaltitle = {ERDKUNDE},
  volume = {78},
  number = {1},
  pages = {1--33},
  doi = {10.3112/erdkunde.2024.01.01},
  issue = {1}
}

@online{HEAL2024,
  title = {{{HEAL}}},
  author = {{Geographisches Institut Heidelberg}},
  date = {2024},
  url = {https://www.geog.uni-heidelberg.de/gis/heal.html},
  urldate = {2024-06-08}
}

@online{HeiGIT2023,
  title = {{{SM2T Routing Evaluation}}},
  author = {{HeiGIT}},
  date = {2023},
  url = {https://gitlab.gistools.geog.uni-heidelberg.de/giscience/sm2t/foss4g-2023-sm2t},
  urldate = {2024-06-08}
}

@online{HeiGIT2024,
  title = {Heidelberg {{Institute}} for {{Geoinformation Technology}}},
  author = {{HeiGIT}},
  date = {2024},
  url = {https://heigit.org/},
  urldate = {2024-06-08}
}

@online{HeiGIT2024a,
  title = {Ohsome},
  author = {{HeiGIT}},
  date = {2024},
  url = {https://heigit.org/big-spatial-data-analytics-en/ohsome/},
  urldate = {2024-06-08}
}

@online{HeiGIT2024b,
  title = {{{OpenRouteService}}},
  author = {{HeiGIT}},
  date = {2024},
  url = {https://openrouteservice.org/},
  urldate = {2024-06-08}
}

@online{HeiGIT2024c,
  title = {{{LULC Utility}}},
  author = {{HeiGIT}},
  date = {2024},
  url = {https://gitlab.gistools.geog.uni-heidelberg.de/climate-action/utilities/lulc-utility},
  urldate = {2024-06-08}
}

@online{HeiGIT2024d,
  title = {{{CSV-ORS-Builder}}},
  author = {{HeiGIT}},
  date = {2024},
  url = {https://gitlab.gistools.geog.uni-heidelberg.de/niko/csv-ors-builder},
  urldate = {2024-06-08}
}

@online{HeiGIT2024e,
  title = {{{HEAL-Routing}}},
  author = {{HeiGIT}},
  date = {2024},
  url = {https://gitlab.gistools.geog.uni-heidelberg.de/giscience/heal/heal-routing},
  urldate = {2024-06-08}
}

@article{Ludwig.Psotta.ea2023,
  title = {Traffic Speed Modelling to Improve Travel Time Estimation in {{OpenRouteService}}},
  author = {Ludwig, C. and Psotta, J. and Buch, A. and Kolaxidis, N. and Fendrich, S. and Zia, M. and Fürle, J. and Rousell, A. and Zipf, A.},
  date = {2023},
  journaltitle = {The International Archives of the Photogrammetry, Remote Sensing and Spatial Information Sciences},
  volume = {XLVIII-4-W7-2023},
  pages = {109--116},
  publisher = {Copernicus GmbH},
  doi = {10.5194/isprs-archives-XLVIII-4-W7-2023-109-2023},
  eventtitle = {{{ISPRS ICWG IV}}/{{III}}/{{II}}{$<$}br{$>$}{{Free}} and {{Open Source Software}} for {{Geospatial}} ({{FOSS4G}}) 2023 – {{Academic Track}} - 26 {{June}}\&ndash;2 {{July}} 2023, {{Prizren}}, {{Kosovo}}}
}

@online{SM2T2024,
  title = {{{SocialMedia2Traffic}}},
  author = {{Geographisches Institut Heidelberg}},
  date = {2024},
  url = {https://www.geog.uni-heidelberg.de/gis/social_media_traffic_en.html},
  urldate = {2024-06-08}
}
