@article{ChammasEA2015,
    title = {{A Closer Look on the User Centred Design}},
    year = {2015},
    journal = {Procedia Manufacturing},
    author = {Chammas, Adriana and Quaresma, Manuela and Mont'Alv{\~{a}}o, Cláudia},
    pages = {5397--5404},
    volume = {3},
    publisher = {Elsevier B.V.},
    keywords = {Children, Methodology, User-Centred Design}
}

@article{AgrawalaStolte2000,
    title = {{A design and implementation for effective computer-generated route maps}},
    year = {2000},
    journal = {AAAI Symposium on Smart Graphics},
    author = {Agrawala, M. and Stolte, C.},
    pages = {5--46}
}

@incollection{Morrison1974,
    title = {{A Theoretical Framework for Cartographic Generalization with the Emphasis on the Process of Symbolization}},
    year = {1974},
    booktitle = {International Yearbook of Cartography},
    author = {Morrison, J.L.},
    pages = {115--127},
    volume = {14}
}

@article{KinzieEA2002,
    title = {{A User-centered Model for Web Site Design: Needs Assessment, User Interface Design, and Rapid Prototyping}},
    year = {2002},
    journal = {Journal of the American Medical Informatics Association},
    author = {Kinzie, Mable B. and Cohn, Wendy F. and Julian, Marti F. and Knaus, William A.},
    number = {4},
    pages = {320},
    volume = {9},
    publisher = {Oxford University Press}
}

@article{LudersEA2022,
    title = {{Accessible Adaptable Indoor Routing for People with Disabilities}},
    year = {2022},
    journal = {Lecture Notes in Computer Science (including subseries Lecture Notes in Artificial Intelligence and Lecture Notes in Bioinformatics)},
    author = {L{\"{u}}ders, Fabian and Striegl, Julian and Schmalfu{\ss}-Schwarz, Jan and Loitsch, Claudia and Weber, Gerhard},
    pages = {169--177},
    volume = {13341 LNCS},
    publisher = {Springer Science and Business Media Deutschland GmbH},
    keywords = {Accessibility, Barriers, Indoor navigation, Indoor routing, Mobility impaired people, Openstreetmap, Visual impaired people}
}

@misc{W3C2012,
    title = {{Accessible Maps}},
    year = {2012},
    author = {{W3C}},
    url = {https://www.w3.org/WAI/RD/wiki/Accessible_Maps}
}

@techreport{EngelEA2022,
    title = {{Accessible Maps - Herausforderungen von Menschen mit Beeintr{\"{a}}chtigung in unbekannten Geb{\"{a}}uden Ergebnisse einer Online-Studie zur Orientierung und Navigation in unbekannten Geb{\"{a}}uden unter Menschen mit Seh-oder Mobilit{\"{a}}tsbeeintr{\"{a}}chtigung Autorin}},
    year = {2022},
    booktitle = {2022},
    author = {Engel, Christin and M{\"{u}}ller, Karin and Loitsch, Claudia and Constantinescu, Angela},
    institution = {Dresden University of Technology, Karlsruhe Institute of Technology}
}

@misc{LoitschMuller2023,
    title = {{Accessible Maps: Context Analysis - Users Goals and Needs}},
    year = {2023},
    booktitle = {Dresden Institute of Technology, Karlsruhe Institute of Technology},
    author = {Loitsch, C and M{\"{u}}ller, K},
    url = {https://accessiblemaps.de/?page_id=915&lang=en},
    institution = {Dresden Institute of Technology, Karlsruhe Institute of Technology}
}

@article{MelfiEA2022,
    title = {{An Audio-Tactile System for Visually Impaired People to Explore Indoor Maps}},
    year = {2022},
    journal = {Lecture Notes in Computer Science (including subseries Lecture Notes in Artificial Intelligence and Lecture Notes in Bioinformatics)},
    author = {Melfi, Giuseppe and Baumgarten, Jean and M{\"{u}}ller, Karin and Stiefelhagen, Rainer},
    pages = {134--142},
    volume = {13341 LNCS},
    publisher = {Springer Science and Business Media Deutschland GmbH},
    keywords = {Accessible indoor maps, Assistive technology, Audio-tactile graphics}
}

@incollection{NeuschmidEA2012,
    title = {{Barrierefreiheit von online Stadtpl{\"{a}}nen: Das Beispiel AccessibleMap}},
    year = {2012},
    booktitle = {Angewandte Geoinformatik 2012},
    author = {Neuschmid, J and Hennig, S and Schenk, M and Wasserburger, W and Zobl, F},
    editor = {Strobl, J., and Blaschke, T. Griesebner, G},
    pages = {339--347},
    publisher = {Herbert Wichmann Verlag},
    address = {Berlin/Offenbach}
}

@inproceedings{Almeida2011,
    title = {{Bertin Graphic Semiology and its Relevant Contrbutions for Research and Teaching in Brazil}},
    year = {2011},
    booktitle = {Proceedings of the 25th International Cartographic Conference},
    author = {Almeida, R},
    publisher = {French Committee of Cartography},
    address = {Paris, France}
}

@misc{WHO2023,
    title = {{Blindness and Vision Impairment}},
    year = {2023},
    author = {{WHO}},
    url = {https://www.who.int/news-room/fact-sheets/detail/blindness-and-visual-impairment}
}

@misc{NEI2023,
    title = {{Color Blindness}},
    year = {2023},
    author = {{National Eye Institute}},
    url = {https://www.nei.nih.gov/learn-about-eye-health/eye-conditions-and-diseases/color-blindness}
}

@article{JennyKelso2007,
    title = {{Color Design for the Color Vision Impaired}},
    year = {2007},
    journal = {Cartographic Perspectives},
    author = {Jenny, Bernhard and Kelso, Nathaniel Vaughn},
    number = {58},
    month = {9},
    pages = {61--67},
    publisher = {NACIS (North American Cartographic Information Society)}
}

@inproceedings{EliasEA2005,
    title = {{Concepts for the Cartographic Visualization of Landmarks}},
    year = {2005},
    author = {Elias, B and Paelke, V and Kuhnt, S},
    publisher = {University of Hannover}
}

@misc{Sennekamp2022,
    title = {{Das Ziel klar vor Augen? Die kartographische Optimierung einer Netzkarte aus dem Blickwinkel sehbehinderter Menschen, Master's thesis, Heidelberg University}},
    year = {2022},
    booktitle = {Master's thesis, Heidelberg University},
    author = {Sennekamp, J.},
    publisher = {unpublished},
    institution = {Heidelberg University},
    address = {Heidelberg University}
}

@article{Tversky1992,
    title = {{Distortions in cognitive maps}},
    year = {1992},
    journal = {Geoforum},
    author = {Tversky, Barbara},
    number = {2},
    month = {5},
    pages = {131--138},
    volume = {23},
    publisher = {Pergamon}
}

@book{MacEachren1995,
    title = {{How Maps Work}},
    year = {1995},
    author = {MacEachren, A.M.},
    publisher = {Guilford Press},
    address = {New York, USA}
}

@phdthesis{Delikostidis2011,
    title = {{Improving the Usability of Pedestrian Navigation Systems}},
    year = {2011},
    author = {Delikostidis, I},
    school = {University of Twente}
}

@article{ConstantinescuEA2022,
    title = {{Listening First: Egocentric Textual Descriptions of Indoor Spaces for People with Blindness}},
    year = {2022},
    journal = {Lecture Notes in Computer Science (including subseries Lecture Notes in Artificial Intelligence and Lecture Notes in Bioinformatics)},
    author = {Constantinescu, Angela and Neumann, Eva Maria and M{\"{u}}ller, Karin and Jaworek, Gerhard and Stiefelhagen, Rainer},
    pages = {241--249},
    volume = {13341 LNCS},
    publisher = {Springer Science and Business Media Deutschland GmbH},
    keywords = {Blindness, Indoor maps, Textual descriptions}
}

@misc{MinnesotaIT2023,
    title = {{Map Accessibility}},
    year = {2023},
    author = {{Minnesota IT}},
    url = {https://mn.gov/mnit/about-mnit/accessibility/maps/}
}

@book{Monmonier1993,
    title = {{Mapping It Out: Expository Cartography for the Humanities and Social Sciences, Monmonier}},
    year = {1993},
    author = {Monmonier, M},
    publisher = {University of Chicago Press},
    url = {https://press.uchicago.edu/ucp/books/book/chicago/M/bo3645221.html},
    address = {Chicago}
}

@inproceedings{ZipfNeis2007,
    title = {{Realizing focus maps with landmarks using OpenLS services}},
    year = {2007},
    author = {Zipf, Alexander and Neis, Pascal},
    publisher = {University of Applied Sciences Mainz and University of Bonn}
}

@book{Bertin1967,
    title = {{S{\'{e}}miologie Graphique. Les diagrammes, les r{\'{e}}seaux, les cartes}},
    year = {1967},
    author = {Bertin, J.},
    publisher = {Gauthier-Villars},
    address = {Paris, France}
}

@article{KallioEA2016,
    title = {{Systematic methodological review: developing a framework for a qualitative semi-structured interview guide}},
    year = {2016},
    journal = {Journal of Advanced Nursing},
    author = {Kallio, Hanna and Pietil{\"{a}}, Anna Maija and Johnson, Martin and Kangasniemi, Mari},
    number = {12},
    month = {12},
    pages = {2954--2965},
    volume = {72},
    publisher = {Blackwell Publishing Ltd.},
    address = {},
    keywords = {interview guide, methodology, nursing, qualitative research, semi-structured interview, systematic review, thematic interview}
}

@inproceedings{Ormeling1996,
    title = {{Teaching Map Use Concepts to Children}},
    year = {1996},
    booktitle = {Seminar on Cognitive map, Children and education in Cartography},
    author = {Ormeling, Ferjan},
    publisher = {Utrecht University},
    address = {Gifu, Japan}
}

@article{Denis1997,
    title = {{The description of routes: A cognitive approach to the production of spatial discourse}},
    year = {1997},
    journal = {CPC},
    author = {Denis, M},
    number = {4},
    pages = {409--458},
    volume = {16}
}

@inproceedings{Zipf2002,
    title = {{User-Adaptive Maps for Location-Based Services (LBS) for Tourism}},
    year = {2002},
    author = {Zipf, A},
    publisher = {European Media Laboratory},
    address = {Heidelberg}
}

@article{RastovacEA2018,
    title = {{User-Centered Approach to Product Design for People with Visual Impairments}},
    year = {2018},
    author = {Rastovac, Monika and Doli{\'{c}}, Jurica and Pibernik, Jesenka and Mandi{\'{c}}, Lidija},
    pages = {267--273},
    publisher = {Faculty of Technical Sciences}
}

@article{Sanchez2008,
    title = {{User-Centered Technologies for Blind Children}},
    year = {2008},
    journal = {Human Technology: An Interdisciplinary Journal on Humans in ICT Environments},
    author = {Sanchez, Jaime},
    number = {2},
    month = {11},
    pages = {96--122},
    volume = {4},
    publisher = {Centre of Sociological Research, NGO}
}

@article{ZipfRichter2002,
    title = {{Using Focus Maps to Ease Map Reading - Developing Smart Applications for Mobile Devices}},
    year = {2002},
    journal = {K{\"{u}}nstliche Intelligenz},
    author = {Zipf, Alexander and Richter, Kai-Florian},
    number = {02},
    volume = {4}
}

@misc{Roth2017,
    title = {{Visual Variables}},
    year = {2017},
    booktitle = {The International Encyclopedia of Geography},
    author = {Roth, Robert E.},
    month = {3},
    pages = {},
    publisher = {Wiley}
}

@phdthesis{Agrawala2002,
    title = {{Visualizing Route Maps}},
    year = {2002},
    author = {Agrawala, M},
    school = {Stanford University},
    address = {}
}

@misc{W3C2023,
    title = {{WCAG 2 Overview - Web Accessibility Initiative (WAI)}},
    year = {2023},
    author = {{W3C}},
    url = {https://www.w3.org/WAI/standards-guidelines/wcag/}
}

@article{AcklandEA2017,
    title = {{World blindness and visual impairment: despite many successes, the problem is growing}},
    year = {2017},
    journal = {Community Eye Health},
    author = {Ackland, Peter and Resnikoff, Serge and Bourne, Rupert},
    number = {100},
    pages = {71},
    volume = {30},
    publisher = {International Centre for Eye Health}
}

@book{WHO2019,
    title = {{World report on vision}},
    year = {2019},
    booktitle = {World health Organisation},
    author = {{WHO}},
    number = {14},
    pages = {180--235},
    volume = {214},
    url = {https://www.who.int/publications-detail/world-report-on-vision},
    keywords = {2019. Licence: CC BY-NC-SA 3.0 IGO., World report on vision. Geneva: World Health Organ}
}

@misc{PDFImpaired,
    title = {{(PDF) Accessible Maps for the Visually Impaired}},
    url = {https://www.researchgate.net/publication/262008695_Accessible_Maps_for_the_Visually_Impaired}
}

@misc{PDFRoutes,
    title = {{(PDF) Pictorial and Verbal Tools for Conveying Routes}},
    url = {https://www.researchgate.net/publication/237825984_Pictorial_and_Verbal_Tools_for_Conveying_Routes}
}

@misc{PDFGeovisualisierung,
    title = {{(PDF) Relevanz und Kognition in der mobilen Geovisualisierung}},
    url = {https://www.researchgate.net/publication/265362600_Relevanz_und_Kognition_in_der_mobilen_Geovisualisierung}
}

@article{MinnesotaState2021AccessibilityMaps,
    title = {{Accessibility Guide for Interactive Web Maps}},
    year = {2021},
    author = {{Minnesota State}},
    keywords = {ARIA, color contrast, map symbology, visible focus}
}

@article{Gonzalez2003AccessibilityEnd-users,
    title = {{Accessibility metrics of web pages for blind end-users}},
    year = {2003},
    journal = {Lecture Notes in Computer Science (including subseries Lecture Notes in Artificial Intelligence and Lecture Notes in Bioinformatics)},
    author = {Gonz{\'{a}}lez, Julia and Mac{\'{i}}as, Mercedes and Rodr{\'{i}}guez, Roberta and S{\'{a}}nchez, Fernando},
    pages = {374--383},
    volume = {2722},
    publisher = {Springer Verlag},
    url = {https://link.springer.com/chapter/10.1007/3-540-45068-8_68},
    isbn = {9783540450689},
    doi = {10.1007/3-540-45068-8{\_}68},
    issn = {16113349}
}

@article{Bain2010AspectsDesign,
    title = {{Aspects of Transit Map Design}},
    year = {2010},
    journal = {Parsons Institute for Information Mapping},
    author = {Bain, Peter},
    number = {3},
    volume = {2},
    publisher = {Parsons Journal for Information Mapping},
    url = {https://hcommons.org/deposits/item/hc:34289/},
    doi = {10.17613/VQ9Z-M859},
    keywords = {1155007:Transportation:topical, 848025:Cartography:topical, 946595:Graphic arts:topical, cartography, graphic design, metro, rail, subway, transit, wayfinding}
}

@article{Cartwright2015AssessingUsability,
    title = {{Assessing cartographic products for visual usability}},
    year = {2015},
    journal = {Lecture Notes in Geoinformation and Cartography},
    author = {Cartwright, William},
    pages = {269--279},
    publisher = {Springer Berlin Heidelberg},
    url = {https://link.springer.com/chapter/10.1007/978-3-319-07926-4_21},
    isbn = {9783319079257},
    doi = {10.1007/978-3-319-07926-4{\_}21/TABLES/2},
    issn = {18632351}
}

@article{Bourne2021CausesStudy,
    title = {{Causes of blindness and vision impairment in 2020 and trends over 30 years, and prevalence of avoidable blindness in relation to VISION 2020: The Right to Sight: An analysis for the Global Burden of Disease Study}},
    year = {2021},
    journal = {The Lancet Global Health},
    author = {Bourne, Rupert R.A. and Steinmetz, Jaimie D. and Saylan, Mete and Mersha, Abera M. and Weldemariam, Abrha Hailay and Wondmeneh, Temesgen Gebeyehu and Sreeramareddy, Chandrashekhar T. and Pinheiro, Marina and Yaseri, Mehdi and Yu, Chuanhua and Zastrozhin, Mikhail Sergeevich and Zastrozhina, Anasthasia and Zhang, Zhi Jiang and Zimsen, Stephanie R.M. and Yonemoto, Naohiro and Tsegaye, Gebiyaw Wudie and Vu, Giang Thu and Vongpradith, Avina and Renzaho, Andre M.N. and Sorrie, Muluken Bekele and Shaheen, Amira A. and Shiferaw, Wondimeneh Shibabaw and Skryabin, Valentin Yurievich and Skryabina, Anna Aleksandrovna and Saya, Ganesh Kumar and Rahimi-Movaghar, Vafa and Shigematsu, Mika and Sahraian, Mohammad Ali and Naderifar, Homa and Sabour, Siamak and Rathi, Priya and Sathian, Brijesh and Miller, Ted R. and Rezapour, Aziz and Rawal, Lal and Pham, Hai Quang and Parekh, Utsav and Podder, Vivek and Onwujekwe, Obinna E. and Pasovic, Maja and Otstavnov, Nikita and Negash, Hadush and Pawar, Shrikant and Naimzada, Mukhammad David and Al Montasir, Ahmed and Ogbo, Felix Akpojene and Owolabi, Mayowa O. and Pakshir, Keyvan and Mohammad, Yousef and Moni, Mohammad Ali and Nunez-Samudio, Virginia and Mulaw, Getahun Fentaw and Naveed, Muhammad and Maleki, Shokofeh and Michalek, Irmina Maria and Misra, Sanjeev and Swamy, Sreenivas Narasimha and Mohammed, Jemal Abdu and Flaxman, Seth and Park, Eun Cheol and Briant, Paul Svitil and Meles, Gebrekiros Gebremichael and Hayat, Khezar and Landires, Iván and Kim, Gyu Ri and Liu, Xuefeng and LeGrand, Kate E. and Taylor, Hugh R. and Kunjathur, Shilpashree Madhava and Khoja, Tawfik Ahmed Muthafer and Bicer, Burcu Kucuk and Khalilov, Rovshan and Hashi, Abdiwahab and Kayode, Gbenga A. and Carneiro, Vera L.A. and Kavetskyy, Taras and Kosen, Soewarta and Kulkarni, Vaman and Holla, Ramesh and Kalhor, Rohollah and Jayaram, Shubha and Islam, Sheikh Mohammed Shariful and Gilani, Syed Amir and Eskandarieh, Sharareh and Molla, Meseret Derbew and Itumalla, Ramaiah and Farzadfar, Farshad and Congdon, Nathan G. and Elhabashy, Hala Rashad and Elayedath, Rajesh and Couto, Rosa A.S. and Dervenis, Nikolaos and Cromwell, Elizabeth A. and Dahlawi, Saad M.A. and Resnikoff, Serge and Casson, Robert James and Abdoli, Amir and Choi, Jee Young Jasmine and Dos Santos, Florentino Luciano Caetano and Abrha, Woldu Aberhe and Nagaraja, Sharath Burugina and Abualhasan, Ahmed and Adal, Tadele Girum and Aregawi, Brhane Berhe and Beheshti, Mahya and Abu-Gharbieh, Eman and Afshin, Ashkan and Ahmadieh, Hamid and Alemzadeh, Sayyed Amirpooya and Arrigo, Alessandro and Atnafu, Desta Debalkie and Ashbaugh, Charlie and Ashrafi, Elham and Alemayehu, Wondu and Alfaar, Ahmed Samir and Alipour, Vahid and Anbesu, Etsay Woldu and Androudi, Sofia and Arabloo, Jalal and Arditi, Aries and Bagli, Eleni and Baig, Atif Amin and B{\"{a}}rnighausen, Till Winfried and Parodi, Maurizio Battaglia and Bhagavathula, Akshaya Srikanth and Bhardwaj, Nikha and Bhardwaj, Pankaj and Bhattacharyya, Krittika and Bijani, Ali and Bikbov, Mukharram and Bottone, Michele and Braithwaite, Tasanee and Bron, Alain M. and Butt, Zahid A. and Cheng, Ching Yu and Chu, Dinh Toi and Cicinelli, Maria Vittoria and Coelho, João M. and Dai, Xiaochen and Dana, Reza and Dandona, Lalit and Dandona, Rakhi and Del Monte, Monte A. and Deva, Jenny P. and Diaz, Daniel and Djalalinia, Shirin and Dreer, Laura E. and Ehrlich, Joshua R. and Ellwein, Leon B. and Emamian, Mohammad Hassan and Fernandes, Arthur G. and Fischer, Florian and Friedman, David S. and Furtado, João M. and Gaidhane, Shilpa and Gazzard, Gus and Gebremichael, Berhe and George, Ronnie and Ghashghaee, Ahmad and Golechha, Mahaveer and Hamidi, Samer and Hammond, Billy Randall and Hartnett, Mary Elizabeth R. and Hartono, Risky Kusuma and Hay, Simon I. and Heidari, Golnaz and Ho, Hung Chak and Househ, Mowafa and Ibitoye, Segun Emmanuel and Ilic, Irena M. and Huang, John J. and Ilic, Milena D. and Ingram, April D. and Irvani, Seyed Sina Naghibi and Jha, Ravi Prakash and Kahloun, Rim and Kandel, Himal and Kasa, Ayele Semachew and Kempen, John H. and Khairallah, Moncef and Khan, Ejaz Ahmad and Khanna, Rohit C. and Khatib, Mahalaqua Nazli and Kim, Judy E. and Kim, Yun Jin and Kisa, Adnan and Kisa, Sezer and Koyanagi, Ai and Kurmi, Om P. and Lansingh, Van Charles and Leasher, Janet L. and Leveziel, Nicolas and Limburg, Hans and Manafi, Navid and Mansouri, Kaweh and McAlinden, Colm and Mohammadi, Seyed Farzad and Mokdad, Ali H. and Morse, Alan R. and Naderi, Mehdi and Naidoo, Kovin S. and Nangia, Vinay and Nguyen, Huong Lan Thi and Ogundimu, Kolawole and Olagunju, Andrew T. and Panda-Jonas, Songhomitra and Pesudovs, Konrad and Peto, Tunde and Ur Rahman, Mohammad Hifz and Ramulu, Pradeep Y. and Rawaf, David Laith and Rawaf, Salman and Reinig, Nickolas and Robin, Alan L. and Rossetti, Luca and Safi, Sare and Sahebkar, Amirhossein and Samy, Abdallah M. and Serle, Janet B. and Shaikh, Masood Ali and Shen, Tueng T. and Shibuya, Kenji and Shin, Jae Il and Silva, Juan Carlos and Silvester, Alexander and Singh, Jasvinder A. and Singhal, Deepika and Sitorus, Rita S. and Skiadaresi, Eirini and Soheili, Amin and Sousa, Raúl A.R.C. and Stambolian, Dwight and Tadesse, Eyayou Girma and Tahhan, Nina and Tareque, Md Ismail and Topouzis, Fotis and Tran, Bach Xuan and Tsilimbaris, Miltiadis K. and Varma, Rohit and Virgili, Gianni and Wang, Ningli and Wang, Ya Xing and West, Sheila K. and Wong, Tien Y. and Jonas, Jost B. and Vos, Theo},
    number = {2},
    month = {2},
    pages = {e144-e160},
    volume = {9},
    publisher = {Elsevier Ltd},
    doi = {10.1016/S2214-109X(20)30489-7},
    issn = {2214109X},
    pmid = {33275949}
}

@article{Raubal2002EnrichingLandmarks,
    title = {{Enriching wayfinding instructions with local landmarks}},
    year = {2002},
    journal = {Lecture Notes in Computer Science (including subseries Lecture Notes in Artificial Intelligence and Lecture Notes in Bioinformatics)},
    author = {Raubal, Martin and Winter, Stephan},
    pages = {243--259},
    volume = {2478},
    publisher = {Springer Verlag},
    url = {https://link.springer.com/chapter/10.1007/3-540-45799-2_17},
    isbn = {9783540442530},
    doi = {10.1007/3-540-45799-2{\_}17/COVER},
    issn = {16113349}
}

@book{Pfau2017GBE-ThemenheftBundes,
    title = {{GBE-Themenheft Blindheit und Sehbehinderung. Gesundheitsberichterstattung des Bundes}},
    year = {2017},
    author = {Pfau, Nicola and Kern, Axel Olaf and Wolfram, Christian and Kalckl{\"{o}}sch, Margrit and Pr{\"{u}}tz, Franziska},
    url = {https://www.rki.de/DE/Content/Gesundheitsmonitoring/Gesundheitsberichterstattung/GBEDownloadsT/blindheit.pdf?__blob=publicationFile},
    isbn = {978-3-89606-233-8},
    keywords = {Augenerkrankungen, Blindheit, GBE, Gesundheitsberichterstattung, Glaukom, Makuladegeneration, RKI, Robert Koch-Institut, Sehbehinderung, Themenheft}
}

@article{Froehlich2019GrandMaps,
    title = {{Grand challenges in accessible maps}},
    year = {2019},
    journal = {Interactions},
    author = {Froehlich, Jon E. and Brock, Anke M. and Caspi, Anat and Guerreiro, João and Hara, Kotaro and Kirkham, Reuben and Sch{\"{o}}ning, Johannes and Tannert, Benjamin},
    number = {2},
    month = {2},
    pages = {78--81},
    volume = {26},
    publisher = {{\\\}		ACM{\\\}		PUB27{\\\}		New York, NY, USA{\\\}	},
    url = {https://dl.acm.org/doi/10.1145/3301657},
    doi = {10.1145/3301657},
    issn = {15583449}
}

@article{Lazzaro1999HelpingDisabled,
    title = {{Helping the Web help the disabled}},
    year = {1999},
    journal = {IEEE Spectrum},
    author = {Lazzaro, J.J.},
    number = {3},
    month = {3},
    pages = {54--59},
    volume = {36},
    url = {https://ieeexplore.ieee.org/document/750401/},
    doi = {10.1109/6.750401},
    issn = {0018-9235}
}

@article{Giakoumis2014IntroducingContext,
    title = {{Introducing web service accessibility assessment techniques through a unified quality of service context}},
    year = {2014},
    journal = {Service Oriented Computing and Applications},
    author = {Giakoumis, Dimitris and Votis, Konstantinos and Tzovaras, Dimitrios},
    number = {2},
    volume = {8},
    doi = {10.1007/s11761-013-0135-5},
    issn = {18632394}
}

@article{RautioMapCoordinator,
    title = {{Map Accessibility Kim Wee, CPWA Agency Webmaster / Accessibility Coordinator}},
    author = {Rautio, Joann},
    keywords = {Template}
}

@article{-MinnesotaStateParksMapWorkgroup,
    title = {{Map Design Guide Best Practices Ensuring Accessibility/Usability State of Minnesota Interagency Map Accessibility Workgroup}},
    author = {- Minnesota State Parks, Amy},
    keywords = {cartography, design, font, icon, logo, map, size, symbol}
}

@article{Jones2005MapAge,
    title = {{Map generalization in the Web age}},
    year = {2005},
    journal = {International Journal of Geographical Information Science},
    author = {Jones, Christopher B. and Ware, J. Mark},
    number = {8-9},
    month = {9},
    pages = {859--870},
    volume = {19},
    url = {https://www.researchgate.net/publication/220649817_Map_generalization_in_the_web_age_Int_J_Geogr_Inf_Sci},
    doi = {10.1080/13658810500161104},
    issn = {13658816}
}

@article{Guo2011MindTransit,
    title = {{Mind the map! The impact of transit maps on path choice in public transit}},
    year = {2011},
    journal = {Transportation Research Part A: Policy and Practice},
    author = {Guo, Zhan},
    number = {7},
    month = {8},
    pages = {625--639},
    volume = {45},
    publisher = {Pergamon},
    doi = {10.1016/J.TRA.2011.04.001},
    issn = {0965-8564},
    keywords = {Cognitive map, London Underground, Path choice, Transit map, Tube map}
}

@article{Cheng2021R4:Recommendation,
    title = {{R4: A Framework for Route Representation and Route Recommendation}},
    year = {2021},
    author = {Cheng, Ran and Chen, Chao and Xu, Longfei and Li, Shen and Wang, Lei and Cui, Hengbin and Liu, Kaikui and Li, Xiaolong},
    month = {10},
    url = {https://arxiv.org/abs/2110.10474v2},
    arxivId = {2110.10474}
}

@misc{AgrawalaMRenderingGeneralization,
    title = {{Rendering Effective Route Maps: Improving Usability Through Generalization}},
    author = {{Agrawala M} and {Stolte C}},
    url = {https://graphics.stanford.edu/papers/routemaps/}
}

@article{AntrimTHEAPPLICATIONS,
    title = {{THE MANY USES OF GTFS DATA-OPENING THE DOOR TO TRANSIT AND MULTIMODAL APPLICATIONS}},
    author = {Antrim, Aaron and Barbeau, Sean J},
    keywords = {GTFS, analysis, applications, data, information systems, intermodal, mobile, public transportation, software, trip planning}
}

@article{Acosta-Vargas2018TowardAccessibility,
    title = {{Toward a combined method for evaluation of web accessibility}},
    year = {2018},
    journal = {Advances in Intelligent Systems and Computing},
    author = {Acosta-Vargas, Patricia and Luj{\'{a}}n-Mora, Sergio and Acosta, Tania and Salvador-Ullauri, Luis},
    pages = {602--613},
    volume = {721},
    publisher = {Springer Verlag},
    url = {https://link.springer.com/chapter/10.1007/978-3-319-73450-7_57},
    isbn = {9783319734491},
    doi = {10.1007/978-3-319-73450-7{\_}57/COVER},
    issn = {21945357},
    keywords = {Accessibility, Automatics tools, Combined method, Evaluation, Heuristics, People with disabilities, W3C, WCAG 2.0, WCAG-EM, Website}
}

@article{Atchison2003TrafficDeficients,
    title = {{Traffic Signal Color Recognition Is a Problem for Both Protan and Deutan Color-Vision Deficients}},
    year = {2003},
    journal = {Human Factors},
    author = {Atchison, David A. and Pedersen, Carol A. and Dain, Stephen J. and Wood, Joanne M.},
    number = {3},
    month = {9},
    pages = {495--503},
    volume = {45},
    doi = {10.1518/HFES.45.3.495.27247},
    issn = {00187208},
    pmid = {14702998}
}

@book{Colenbrander2002VisualSurveys,
    title = {{Visual Standards. Aspect and ranges of vision loss with Emphasis on Population surveys}},
    year = {2002},
    booktitle = {International Council of Ophtalmology},
    author = {Colenbrander, August},
    number = {April},
    pages = {2--32},
    url = {https://www.researchgate.net/publication/248343777_Visual_Standards_aspects_and_ranges_of_vision_loss_with_emphasis_on_population_surveys},
    isbn = {1415209952}
}

@article{Olsina2000WebApplications,
    title = {{Web Engineering: A Quantitative Methodology for Quality Evaluation and Comparison of Web Applications}},
    year = {2000},
    journal = {Electronic Journal of SADIO (EJS)},
    author = {Olsina, Luis and Rossi, Gustavo},
    month = {10},
    volume = {3},
    url = {https://publicaciones.sadio.org.ar/index.php/EJS/article/view/125},
    issn = {1514-6774}
}

@techreport{JeremiahZiegler2022WEB-ACCESSIBILITYWeb-GIS,
    title = {{WEB-ACCESSIBILITY (Referat Web-GIS)}},
    year = {2022},
    author = {{Jeremiah Ziegler}},
    address = {}
}